Date	Ref No.	Payee	Memo	Payment	Deposit	Reconciliation Status	Balance	Type	Account	Added in Banking
11/01/2024			PAYCHEX TPS DES:TAXES ID:0943070 PAYCHEX TPS DES:TAXES ID:09430700005573X INDN:COUR THAI GROUP CORPOR CO ID:1161124166 CCD	2,193.55		Cleared	116,603.77	Expense	9000 Other Income	Manually added
11/01/2024		COUNTER CREDIT	DoorDash, Inc. DES:Disabled A ID DoorDash, Inc. DES:Disabled A ID:ST-V1F2O1T8S8V6 INDN:COUR THAI LLC CO ID:4270465600 CCD		2,735.73	Cleared	118,797.32	Deposit	49900 Uncategorized Income	Manually added
11/01/2024		99 RANCH	GRUBHUB INC DES:Oct Actvty ID:24 GRUBHUB INC DES:Oct Actvty ID:24110130X8mcd2j INDN:COUR THAI GROUP CORPOR CO ID:1261328194 CCD		279.21	Cleared	116,061.59	Deposit	7720 Car  Lease Expense	Manually added
10/31/2024	5734	EXXON MOBIL	Check 5734	807.88		Cleared	115,782.38	Expense	4240 Auto loan	Manually added with rule
10/11/2024		GRUBHUB	GRUBHUB INC DES:Oct Actvty ID:24 GRUBHUB INC DES:Oct Actvty ID:24101109X8mcd2j INDN:COUR THAI GROUP CORPOR CO ID:1261328194 CCD		508.16	Cleared	116,590.26	Deposit	Income:GRUBHUB	Manually added
04/22/2024		NJ S&U WEB PMT	NJ S&U WEB PMT DES:NJWEB55 I NJ S&U WEB PMT DES:NJWEB55 ID:091000018185134 INDN:COUR THAI GROUP CORPOR CO ID:7216000928 CCD PMT INFO:TXP*B8439605	5,949.73		Cleared	116,082.10	Expense	Uncategorized Expense	Manually added
01/22/2024		NJ S&U WEB PMT	NJ S&U WEB PMT DES:NJWEB55 I NJ S&U WEB PMT DES:NJWEB55 ID:091000016682713 INDN:COUR THAI GROUP CORPOR CO ID:7216000928 CCD PMT INFO:TXP*B8439605	6,150.86		Cleared	122,031.83	Expense	Payroll Taxes:Sales Taxes	Manually added
01/12/2024		PAYCHEX EIB INVOICE	PAYCHEX EIB DES:INVOICE ID:X05603100009751 INDN:COUR THAI GROUP CORPOR CO ID:1161124166 CCD	349.44		Cleared	128,182.69	Check	8460 Payroll Processing Fees	
01/12/2024	2158	CHECK		210.00		Cleared	128,532.13	Check	9999 Asked my accountants	
01/12/2024	2154	CHECK		197.72		Cleared	128,742.13	Check	9999 Asked my accountants	
01/12/2024			DoorDash, Inc. DES:Disabled A ID:ST-V9V9H8V9C5L5 INDN:COUR THAI LLC CO ID:4270465600 CCD		2,351.99	Cleared	128,939.85	Deposit	Income:DoorDash	
01/12/2024			MERCHANT BNKCD DES:DEPOSIT ID:266371382885 INDN:THAI KITCHEN 2 CO ID:F592126793 CCD		2,345.53	Cleared	126,587.86	Deposit	Income:CREDIT CARD	
01/12/2024			GRUBHUB INC DES:Jan Actvty ID:24011210X8mcd2j INDN:COUR THAI GROUP CORPOR CO ID:1261328194 CCD		475.61	Cleared	124,242.33	Deposit	Income:GRUBHUB	
01/11/2024		TOYOTA FINANCE	SETOYOTA FIN/EZP DES:AUTO FINAN ID:9029746 INDN:CHONG LAI F CO ID:0000007041 WEB	723.88		Cleared	123,766.72	Check	7720 Car  Lease Expense	
01/11/2024		PAYCHEX TPS TAXES	PAYCHEX TPS DES:TAXES ID:05594100018556X INDN:COUR THAI GROUP CORPOR CO ID:1161124166 CCD	1,833.41		Cleared	124,490.60	Check	3140 Payroll Taxes Liabilities	
01/11/2024	2149	CHECK		827.46		Cleared	126,324.01	Check	9999 Asked my accountants	
01/11/2024			MERCHANT BNKCD DES:DEPOSIT ID:266371382885 INDN:THAI KITCHEN 2 CO ID:F592126793 CCD		2,328.88	Cleared	127,151.47	Deposit	Income:CREDIT CARD	
01/10/2024	2156	CHECK		1,431.81		Cleared	124,822.59	Check	9999 Asked my accountants	
01/10/2024	2155	SEA PRIVATE SEAFOOD		436.30		Cleared	126,254.40	Check	3100 A/P	
01/10/2024	2151	DA THAISON		2,124.50		Cleared	126,690.70	Check	3100 A/P	
01/10/2024			MERCHANT BNKCD DES:DEPOSIT ID:266371382885 INDN:THAI KITCHEN 2 CO ID:F592126793 CCD		1,389.49	Cleared	128,815.20	Deposit	Income:CREDIT CARD	
01/09/2024	2159	CHECK		276.36		Cleared	127,425.71	Check	9999 Asked my accountants	
01/09/2024	2153	CHECK		250.47		Cleared	127,702.07	Check	9999 Asked my accountants	
01/09/2024	2152	Levin Management		13,553.54		Cleared	127,952.54	Check	9999 Asked my accountants	
01/09/2024	2150	KAM KEU MARKET		1,926.20		Cleared	141,506.08	Check	3100 A/P	
01/09/2024	2110	CHECK		506.66		Cleared	143,432.28	Check	9999 Asked my accountants	
01/09/2024			MERCHANT BNKCD DES:DEPOSIT ID:266371382885 INDN:THAI KITCHEN 2 CO ID:F592126793 CCD		1,785.40	Cleared	143,938.94	Deposit	Income:CREDIT CARD	
01/08/2024	5604	CHECK		608.15		Cleared	142,153.54	Check	9999 Asked my accountants	
01/08/2024	5597	CHECK		511.95		Cleared	142,761.69	Check	9999 Asked my accountants	
01/08/2024	5590	CHECK		736.64		Cleared	143,273.64	Check	9999 Asked my accountants	
01/08/2024	2157	C & S ASSOCIATES		1,706.00		Cleared	144,010.28	Check	9999 Asked my accountants	
01/08/2024			MERCHANT BNKCD DES:DEPOSIT ID:266371382885 INDN:THAI KITCHEN 2 CO ID:F592126793 CCD		6,849.29	Cleared	145,716.28	Deposit	Income:CREDIT CARD	
01/08/2024			MERCHANT BNKCD DES:DEPOSIT ID:266371382885 INDN:THAI KITCHEN 2 CO ID:F592126793 CCD		1,429.97	Cleared	138,866.99	Deposit	Income:CREDIT CARD	
01/05/2024	2148	CHECK		20,000.00		Cleared	137,437.02	Check	9999 Asked my accountants	
01/05/2024	2146	SEA PRIVATE SEAFOOD		614.30		Cleared	157,437.02	Check	3100 A/P	
01/05/2024	2145	OCEAN PLASTIC PACKAGING TRADING INC		1,011.00		Cleared	158,051.32	Check	3100 A/P	
01/05/2024			MERCHANT BNKCD DES:DEPOSIT ID:266371382885 INDN:THAI KITCHEN 2 CO ID:F592126793 CCD		2,059.35	Cleared	159,062.32	Deposit	Income:CREDIT CARD	
01/05/2024			DoorDash, Inc. DES:Disabled A ID:ST-K0G0W0M4A5S0 INDN:COUR THAI LLC CO ID:4270465600 CCD		1,996.94	Cleared	157,002.97	Deposit	Income:DoorDash	
01/05/2024			GRUBHUB INC DES:Dec Actvty ID:24010501X8mcd2j INDN:COUR THAI GROUP CORPOR CO ID:1261328194 CCD		464.54	Cleared	155,006.03	Deposit	Income:GRUBHUB	
01/05/2024			GRUBHUB INC DES:Jan Actvty ID:24010503X8mcd2j INDN:COUR THAI GROUP CORPOR CO ID:1261328194 CCD		169.72	Cleared	154,541.49	Deposit	Income:GRUBHUB	
01/04/2024			MERCHANT BNKCD DES:DEPOSIT ID:266371382885 INDN:THAI KITCHEN 2 CO ID:F592126793 CCD		2,017.65	Cleared	154,371.77	Deposit	Income:CREDIT CARD	
01/03/2024		MERCHANT BANKCD	MERCHANT BNKCD DES:DEPOSIT ID:266371382885 INDN:THAI KITCHEN 2 CO ID:F592126793 CCD	3,077.00		Cleared	152,354.12	Check	7750 Credit Card Processing Fee	
01/03/2024	2143	SEA PRIVATE SEAFOOD		823.10		Cleared	155,431.12	Check	3100 A/P	
01/03/2024			MERCHANT BNKCD DES:DEPOSIT ID:266371382885 INDN:THAI KITCHEN 2 CO ID:F592126793 CCD		2,643.69	Cleared	156,254.22	Deposit	Income:CREDIT CARD	
01/02/2024			MERCHANT BNKCD DES:DEPOSIT ID:266371382885 INDN:THAI KITCHEN 2 CO ID:F592126793 CCD		7,827.60	Cleared	153,610.53	Deposit	Income:CREDIT CARD	
01/02/2024			MERCHANT BNKCD DES:DEPOSIT ID:266371382885 INDN:THAI KITCHEN 2 CO ID:F592126793 CCD		3,772.02	Cleared	145,782.93	Deposit	Income:CREDIT CARD	
12/29/2023		PAYCHEX EIB INVOICE	PAYCHEX EIB DES:INVOICE ID:X05234700008169 INDN:COUR THAI GROUP CORPOR CO ID:1161124166 CCD	145.39		Reconciled	142,010.91	Check	8460 Payroll Processing Fees	
12/29/2023	2147	KAM KEU MARKET		2,625.95		Reconciled	142,156.30	Check	Purchase:KAM KEU ASIAN MARKET	
12/29/2023			MERCHANT BNKCD DES:DEPOSIT ID:266371382885 INDN:THAI KITCHEN 2 CO ID:F592126793 CCD		3,557.11	Reconciled	144,782.25	Deposit	Income:CREDIT CARD	
12/29/2023			DoorDash, Inc. DES:Disabled A ID:ST-I9K6A5X0L5U4 INDN:COUR THAI LLC CO ID:4270465600 CCD		2,367.48	Reconciled	141,225.14	Deposit	Income:DoorDash	
12/29/2023			GRUBHUB INC DES:Dec Actvty ID:23122927X8mcd2j INDN:COUR THAI GROUP CORPOR CO ID:1261328194 CCD		544.47	Reconciled	138,857.66	Deposit	Income:GRUBHUB	
12/28/2023		PAYCHEX TPS TAXES	PAYCHEX TPS DES:TAXES ID:05224600023290X INDN:COUR THAI GROUP CORPOR CO ID:1161124166 CCD	1,954.44		Reconciled	138,313.19	Check	3140 Payroll Taxes Liabilities	
12/28/2023	5592	CHECK		1,954.61		Reconciled	140,267.63	Check	8400 Salaries and wages	
12/28/2023	5586	CHECK		720.00		Reconciled	142,222.24	Check	8400 Salaries and wages	
12/28/2023	5579	CHECK		720.01		Reconciled	142,942.24	Check	8400 Salaries and wages	
12/28/2023			MERCHANT BNKCD DES:DEPOSIT ID:266371382885 INDN:THAI KITCHEN 2 CO ID:F592126793 CCD		3,323.94	Reconciled	143,662.25	Deposit	Income:CREDIT CARD	
12/27/2023			MERCHANT BNKCD DES:DEPOSIT ID:266371382885 INDN:THAI KITCHEN 2 CO ID:F592126793 CCD		2,622.50	Reconciled	140,338.31	Deposit	Income:CREDIT CARD	
12/26/2023		Online Banking payment to CSL 7321	Online Banking payment to CRD 7321 Confirmation# 2759801331	5,386.91		Reconciled	137,715.81	Check	3410 BOA #3563/#7321	
12/26/2023	5600	CHECK		767.71		Reconciled	143,102.72	Check	8400 Salaries and wages	
12/26/2023	5593	CHECK		767.70		Reconciled	143,870.43	Check	8400 Salaries and wages	
12/26/2023			MERCHANT BNKCD DES:DEPOSIT ID:266371382885 INDN:THAI KITCHEN 2 CO ID:F592126793 CCD		5,851.14	Reconciled	144,638.13	Deposit	Income:CREDIT CARD	
12/26/2023			MERCHANT BNKCD DES:DEPOSIT ID:266371382885 INDN:THAI KITCHEN 2 CO ID:F592126793 CCD		4,624.38	Reconciled	138,786.99	Deposit	Income:CREDIT CARD	
12/22/2023			MERCHANT BNKCD DES:DEPOSIT ID:266371382885 INDN:THAI KITCHEN 2 CO ID:F592126793 CCD		3,299.64	Reconciled	134,162.61	Deposit	Income:CREDIT CARD	
12/22/2023			DoorDash, Inc. DES:Disabled A ID:ST-P6F7B4Z0L8S7 INDN:COUR THAI LLC CO ID:4270465600 CCD		2,238.86	Reconciled	130,862.97	Deposit	Income:DoorDash	
12/22/2023			GRUBHUB INC DES:Dec Actvty ID:23122220X8mcd2j INDN:COUR THAI GROUP CORPOR CO ID:1261328194 CCD		813.98	Reconciled	128,624.11	Deposit	Income:GRUBHUB	
12/21/2023	5596	CHECK		557.72		Reconciled	127,810.13	Check	8400 Salaries and wages	
12/21/2023	5589	CHECK		612.75		Reconciled	128,367.85	Check	8400 Salaries and wages	
12/21/2023	5585	CHECK		1,781.01		Reconciled	128,980.60	Check	8400 Salaries and wages	
12/21/2023	5582	CHECK		671.76		Reconciled	130,761.61	Check	8400 Salaries and wages	
12/21/2023	5575	CHECK		676.57		Reconciled	131,433.37	Check	8400 Salaries and wages	
12/21/2023	5568	CHECK		648.25		Reconciled	132,109.94	Check	8400 Salaries and wages	
12/21/2023	2144	KAM KEU MARKET		2,749.60		Reconciled	132,758.19	Check	Purchase:KAM KEU ASIAN MARKET	
12/21/2023			MERCHANT BNKCD DES:DEPOSIT ID:266371382885 INDN:THAI KITCHEN 2 CO ID:F592126793 CCD		2,775.32	Reconciled	135,507.79	Deposit	Income:CREDIT CARD	
12/20/2023		NJ S&U WEB PMT	NJ WEB PMT 04110 DES:NJWEB04110 ID:091000016377677 INDN:COUR THAI GROUP CORPOR CO ID:7216000928 CCD PMT INFO:TXP*B843960	5,112.51		Reconciled	132,732.47	Check	6030 Sales Tax  Adjustment	
12/20/2023	5598	CHECK		575.63		Reconciled	137,844.98	Check	8400 Salaries and wages	
12/20/2023	5591	CHECK		575.64		Reconciled	138,420.61	Check	8400 Salaries and wages	
12/20/2023	5584	CHECK		575.63		Reconciled	138,996.25	Check	8400 Salaries and wages	
12/20/2023			MERCHANT BNKCD DES:DEPOSIT ID:266371382885 INDN:THAI KITCHEN 2 CO ID:F592126793 CCD		3,068.43	Reconciled	139,571.88	Deposit	Income:CREDIT CARD	
12/19/2023			MERCHANT BNKCD DES:DEPOSIT ID:266371382885 INDN:THAI KITCHEN 2 CO ID:F592126793 CCD		2,100.55	Reconciled	136,503.45	Deposit	Income:CREDIT CARD	
12/18/2023		PAYCHEX EIB INVOICE	PAYCHEX EIB DES:INVOICE ID:X05070400007030 INDN:COUR THAI GROUP CORPOR CO ID:1161124166 CCD	145.39		Reconciled	134,402.90	Check	8460 Payroll Processing Fees	
12/18/2023	2142	DA THAISON		2,717.00		Reconciled	134,548.29	Check	Purchase:Da Thaison Inc	
12/18/2023			MERCHANT BNKCD DES:DEPOSIT ID:266371382885 INDN:THAI KITCHEN 2 CO ID:F592126793 CCD		8,295.53	Reconciled	137,265.29	Deposit	Income:CREDIT CARD	
12/18/2023			MERCHANT BNKCD DES:DEPOSIT ID:266371382885 INDN:THAI KITCHEN 2 CO ID:F592126793 CCD		1,954.93	Reconciled	128,969.76	Deposit	Income:CREDIT CARD	
12/15/2023		PAYCHEX TPS TAXES	PAYCHEX TPS DES:TAXES ID:05058800006355X INDN:COUR THAI GROUP CORPOR CO ID:1161124166 CCD	1,769.77		Reconciled	127,014.83	Check	3140 Payroll Taxes Liabilities	
12/15/2023			MERCHANT BNKCD DES:DEPOSIT ID:266371382885 INDN:THAI KITCHEN 2 CO ID:F592126793 CCD		3,208.78	Reconciled	128,784.60	Deposit	Income:CREDIT CARD	
12/15/2023			DoorDash, Inc. DES:Disabled A ID:ST-U4H2V9N9D8D6 INDN:COUR THAI LLC CO ID:4270465600 CCD		1,902.16	Reconciled	125,575.82	Deposit	Income:DoorDash	
12/15/2023			GRUBHUB INC DES:Dec Actvty ID:23121513X8mcd2j INDN:COUR THAI GROUP CORPOR CO ID:1261328194 CCD		417.28	Reconciled	123,673.66	Deposit	Income:GRUBHUB	
12/14/2023			MERCHANT BNKCD DES:DEPOSIT ID:266371382885 INDN:THAI KITCHEN 2 CO ID:F592126793 CCD		2,741.59	Reconciled	123,256.38	Deposit	Income:CREDIT CARD	
12/13/2023			MERCHANT BNKCD DES:DEPOSIT ID:266371382885 INDN:THAI KITCHEN 2 CO ID:F592126793 CCD		2,965.66	Reconciled	120,514.79	Deposit	Income:CREDIT CARD	
12/12/2023	2141	KAM KEU MARKET		2,198.70		Reconciled	117,549.13	Check	Purchase:KAM KEU ASIAN MARKET	
12/12/2023	2140	C & S ASSOCIATES		1,706.00		Reconciled	119,747.83	Check	Rent:Dormitory	
12/12/2023			MERCHANT BNKCD DES:DEPOSIT ID:266371382885 INDN:THAI KITCHEN 2 CO ID:F592126793 CCD		2,231.23	Reconciled	121,453.83	Deposit	Income:CREDIT CARD	
12/11/2023	5594	CHECK		631.90		Reconciled	119,222.60	Check	8400 Salaries and wages	
12/11/2023	5587	CHECK		631.90		Reconciled	119,854.50	Check	8400 Salaries and wages	
12/11/2023	5581	CHECK		487.24		Reconciled	120,486.40	Check	8400 Salaries and wages	
12/11/2023	5580	CHECK		631.90		Reconciled	120,973.64	Check	8400 Salaries and wages	
12/11/2023	5578	CHECK		1,884.31		Reconciled	121,605.54	Check	8400 Salaries and wages	
12/11/2023	5573	CHECK		631.90		Reconciled	123,489.85	Check	8400 Salaries and wages	
12/11/2023	5571	CHECK		1,871.84		Reconciled	124,121.75	Check	8400 Salaries and wages	
12/11/2023	5566	CHECK		631.90		Reconciled	125,993.59	Check	8400 Salaries and wages	
12/11/2023	5553	CHECK		487.24		Reconciled	126,625.49	Check	8400 Salaries and wages	
12/11/2023	5546	CHECK		487.24		Reconciled	127,112.73	Check	8400 Salaries and wages	
12/11/2023	5539	CHECK		487.24		Reconciled	127,599.97	Check	8400 Salaries and wages	
12/11/2023	5506	CHECK		487.24		Reconciled	128,087.21	Check	8400 Salaries and wages	
12/11/2023	2138	Levin Management		13,553.54		Reconciled	128,574.45	Check	Rent:Restaurant	
12/11/2023	2136	REPUBLIC SERVICE		250.47		Reconciled	142,127.99	Check	8880 Waste Management	
12/11/2023			MERCHANT BNKCD DES:DEPOSIT ID:266371382885 INDN:THAI KITCHEN 2 CO ID:F592126793 CCD		5,625.34	Reconciled	142,378.46	Deposit	Income:CREDIT CARD	
12/11/2023			MERCHANT BNKCD DES:DEPOSIT ID:266371382885 INDN:THAI KITCHEN 2 CO ID:F592126793 CCD		4,277.40	Reconciled	136,753.12	Deposit	Income:CREDIT CARD	
12/08/2023	2137	HORIZON		1,341.27		Reconciled	132,475.72	Check	8150 Health Insurance	
12/08/2023	2135	PSE&G		3,068.43		Reconciled	133,816.99	Check	Utilities:Gas and Electric	
12/08/2023	2132	AUTO CHLOR SYSTEM		467.56		Reconciled	136,885.42	Check	8670 Dishwash expense	
12/08/2023			MERCHANT BNKCD DES:DEPOSIT ID:266371382885 INDN:THAI KITCHEN 2 CO ID:F592126793 CCD		3,082.69	Reconciled	137,352.98	Deposit	Income:CREDIT CARD	
12/08/2023			DoorDash, Inc. DES:Disabled A ID:ST-D3C6R5Q5I4X3 INDN:COUR THAI LLC CO ID:4270465600 CCD		2,356.63	Reconciled	134,270.29	Deposit	Income:DoorDash	
12/08/2023			GRUBHUB INC DES:Nov Actvty ID:23120801X8mcd2j INDN:COUR THAI GROUP CORPOR CO ID:1261328194 CCD		694.17	Reconciled	131,913.66	Deposit	Income:GRUBHUB	
12/08/2023			GRUBHUB INC DES:Dec Actvty ID:23120806X8mcd2j INDN:COUR THAI GROUP CORPOR CO ID:1261328194 CCD		152.96	Reconciled	131,219.49	Deposit	Income:GRUBHUB	
12/07/2023			MERCHANT BNKCD DES:DEPOSIT ID:266371382885 INDN:THAI KITCHEN 2 CO ID:F592126793 CCD		2,489.36	Reconciled	131,066.53	Deposit	Income:CREDIT CARD	
12/06/2023			IRS DES:USATAXPYMT ID:222374081108270 INDN:LAI F CHONG CO ID:3387702000 WEB	6,045.34		Reconciled	128,577.17	Check	4520 Loan officer	
12/06/2023	5564	CHECK		1,884.84		Reconciled	134,622.51	Check	8400 Salaries and wages	
12/06/2023	5559	CHECK		631.90		Reconciled	136,507.35	Check	8400 Salaries and wages	
12/06/2023	5557	CHECK		1,487.52		Reconciled	137,139.25	Check	8400 Salaries and wages	
12/06/2023	5552	CHECK		631.90		Reconciled	138,626.77	Check	8400 Salaries and wages	
12/06/2023	5545	CHECK		631.90		Reconciled	139,258.67	Check	8400 Salaries and wages	
12/06/2023	5538	CHECK		631.90		Reconciled	139,890.57	Check	8400 Salaries and wages	
12/06/2023	5505	CHECK		631.90		Reconciled	140,522.47	Check	8400 Salaries and wages	
12/06/2023	2139	KAM KEU MARKET		2,287.15		Reconciled	141,154.37	Check	Purchase:KAM KEU ASIAN MARKET	
12/06/2023	2134	DA THAISON		1,846.00		Reconciled	143,441.52	Check	Purchase:Da Thaison Inc	
12/06/2023			MERCHANT BNKCD DES:DEPOSIT ID:266371382885 INDN:THAI KITCHEN 2 CO ID:F592126793 CCD		2,852.47	Reconciled	145,287.52	Deposit	Income:CREDIT CARD	
12/05/2023		MERCHANT BANKCD	MERCHANT BNKCD DES:DEPOSIT ID:266371382885 INDN:THAI KITCHEN 2 CO ID:F592126793 CCD	15.95		Reconciled	142,435.05	Check	Income:CREDIT CARD	
12/05/2023			MERCHANT BNKCD DES:DEPOSIT ID:266371382885 INDN:THAI KITCHEN 2 CO ID:F592126793 CCD		2,203.55	Reconciled	142,451.00	Deposit	Income:CREDIT CARD	
12/04/2023		MERCHANT BANKCD	MERCHANT BNKCD DES:DEPOSIT ID:266371382885 INDN:THAI KITCHEN 2 CO ID:F592126793 CCD	2,690.02		Reconciled	140,247.45	Check	7750 Credit Card Processing Fee	
12/04/2023		NJ GOVSERVICE	NJGovServEW DES:NJGovServE ID:609-586-2600 INDN:COUR THAI GROUP CORPOR CO ID:1522077581 CCD	150.50		Reconciled	142,937.47	Check	8220 Licenses and Permits	
12/04/2023	2133	LAI F CHONG		12,000.00		Reconciled	143,087.97	Check	S Corp Distribution:Lai F Chong	
12/04/2023	2129	SEA PRIVATE SEAFOOD		381.50		Reconciled	155,087.97	Check	Purchase:Sea Pirate Seafood	
12/04/2023			MERCHANT BNKCD DES:DEPOSIT ID:266371382885 INDN:THAI KITCHEN 2 CO ID:F592126793 CCD		6,092.69	Reconciled	155,469.47	Deposit	Income:CREDIT CARD	
12/04/2023			MERCHANT BNKCD DES:DEPOSIT ID:266371382885 INDN:THAI KITCHEN 2 CO ID:F592126793 CCD		2,549.75	Reconciled	149,376.78	Deposit	Income:CREDIT CARD	
12/04/2023			MERCHANT BNKCD DES:DEPOSIT ID:266371382885 INDN:THAI KITCHEN 2 CO ID:F592126793 CCD		1,150.52	Reconciled	146,827.03	Deposit	Income:CREDIT CARD	
12/01/2023		PAYCHEX EIB INVOICE	PAYCHEX EIB DES:INVOICE ID:X04871200014134 INDN:COUR THAI GROUP CORPOR CO ID:1161124166 CCD	148.89		Reconciled	145,676.51	Check	8460 Payroll Processing Fees	
12/01/2023	2128	SEA PRIVATE SEAFOOD		400.70		Reconciled	145,825.40	Check	Purchase:Sea Pirate Seafood	
12/01/2023			MERCHANT BNKCD DES:DEPOSIT ID:266371382885 INDN:THAI KITCHEN 2 CO ID:F592126793 CCD		3,012.32	Reconciled	146,226.10	Deposit	Income:CREDIT CARD	
12/01/2023			DoorDash, Inc. DES:Disabled A ID:ST-N9X2P7R1L6D4 INDN:COUR THAI LLC CO ID:4270465600 CCD		1,607.32	Reconciled	143,213.78	Deposit	Income:DoorDash	
12/01/2023			GRUBHUB INC DES:Nov Actvty ID:23120129X8mcd2j INDN:COUR THAI GROUP CORPOR CO ID:1261328194 CCD		763.10	Reconciled	141,606.46	Deposit	Income:GRUBHUB	
11/30/2023		PAYCHEX TPS TAXES	PAYCHEX TPS DES:TAXES ID:04865300016892X INDN:COUR THAI GROUP CORPOR CO ID:1161124166 CCD	1,542.68		Reconciled	140,843.36	Check	3140 Payroll Taxes Liabilities	
11/30/2023	2130	KAM KEU MARKET		1,312.35		Reconciled	142,386.04	Check	Purchase:KAM KEU ASIAN MARKET	
11/30/2023	2125	NJ AMERICAN WATER		827.47		Reconciled	143,698.39	Check	Utilities:Water	
11/30/2023			MERCHANT BNKCD DES:DEPOSIT ID:266371382885 INDN:THAI KITCHEN 2 CO ID:F592126793 CCD		2,922.19	Reconciled	144,525.86	Deposit	Income:CREDIT CARD	
11/29/2023			MERCHANT BNKCD DES:DEPOSIT ID:266371382885 INDN:THAI KITCHEN 2 CO ID:F592126793 CCD		2,139.04	Reconciled	141,603.67	Deposit	Income:CREDIT CARD	
11/28/2023			MERCHANT BNKCD DES:DEPOSIT ID:266371382885 INDN:THAI KITCHEN 2 CO ID:F592126793 CCD		2,166.90	Reconciled	139,464.63	Deposit	Income:CREDIT CARD	
11/27/2023		Online Banking payment to CSL 7321	Online Banking payment to CRD 7321 Confirmation# 1609160180	5,119.50		Reconciled	137,297.73	Check	3410 BOA #3563/#7321	
11/27/2023	2126	VERIZON		197.72		Reconciled	142,417.23	Check	8840 Telephone	
11/27/2023			MERCHANT BNKCD DES:DEPOSIT ID:266371382885 INDN:THAI KITCHEN 2 CO ID:F592126793 CCD		6,476.06	Reconciled	142,614.95	Deposit	Income:CREDIT CARD	
11/27/2023			MERCHANT BNKCD DES:DEPOSIT ID:266371382885 INDN:THAI KITCHEN 2 CO ID:F592126793 CCD		2,756.20	Reconciled	136,138.89	Deposit	Income:CREDIT CARD	
11/24/2023			MERCHANT BNKCD DES:DEPOSIT ID:266371382885 INDN:THAI KITCHEN 2 CO ID:F592126793 CCD		3,934.81	Reconciled	133,382.69	Deposit	Income:CREDIT CARD	
11/24/2023			DoorDash, Inc. DES:Disabled A ID:ST-D5D0V2X8H6I7 INDN:COUR THAI LLC CO ID:4270465600 CCD		1,821.14	Reconciled	129,447.88	Deposit	Income:DoorDash	
11/24/2023			GRUBHUB INC DES:Nov Actvty ID:23112422X8mcd2j INDN:COUR THAI GROUP CORPOR CO ID:1261328194 CCD		1,362.84	Reconciled	127,626.74	Deposit	Income:GRUBHUB	
11/22/2023	2127	KAM KEU MARKET		1,897.65		Reconciled	126,263.90	Check	Purchase:KAM KEU ASIAN MARKET	
11/22/2023	2119	OCEAN PLASTIC PACKAGING TRADING INC		620.00		Reconciled	128,161.55	Check	Purchase:OCEAN PLASTIC PACKAGING TRADING	
11/22/2023			MERCHANT BNKCD DES:DEPOSIT ID:266371382885 INDN:THAI KITCHEN 2 CO ID:F592126793 CCD		2,454.76	Reconciled	128,781.55	Deposit	Income:CREDIT CARD	
11/21/2023			LIBERTY MUTUAL I DES:BILL PAY ID:17984486081 INDN: LIBERTY MUTUAL INSURA CO ID:7529036411 CCD	2,100.00		Reconciled	126,326.79	Check	Insurance:AUTO INSURANCE	
11/21/2023			MERCHANT BNKCD DES:DEPOSIT ID:266371382885 INDN:THAI KITCHEN 2 CO ID:F592126793 CCD		1,677.31	Reconciled	128,426.79	Deposit	Income:CREDIT CARD	
11/20/2023		NJ S&U WEB PMT	NJ WEB PMT 04110 DES:NJWEB04110 ID:091000016131221 INDN:COUR THAI GROUP CORPOR CO ID:7216000928 CCD PMT INFO:TXP*B843960	5,401.11		Reconciled	126,749.48	Check	6030 Sales Tax  Adjustment	
11/20/2023		PAYCHEX EIB INVOICE	PAYCHEX EIB DES:INVOICE ID:X04725100004944 INDN:COUR THAI GROUP CORPOR CO ID:1161124166 CCD	145.39		Reconciled	132,150.59	Check	8460 Payroll Processing Fees	
11/20/2023	2124	DA THAISON		2,410.50		Reconciled	132,295.98	Check	Purchase:Da Thaison Inc	
11/20/2023			MERCHANT BNKCD DES:DEPOSIT ID:266371382885 INDN:THAI KITCHEN 2 CO ID:F592126793 CCD		5,402.47	Reconciled	134,706.48	Deposit	Income:CREDIT CARD	
11/20/2023			MERCHANT BNKCD DES:DEPOSIT ID:266371382885 INDN:THAI KITCHEN 2 CO ID:F592126793 CCD		3,271.22	Reconciled	129,304.01	Deposit	Income:CREDIT CARD	
11/17/2023		PAYCHEX TPS TAXES	PAYCHEX TPS DES:TAXES ID:04714400006490X INDN:COUR THAI GROUP CORPOR CO ID:1161124166 CCD	1,555.10		Reconciled	126,032.79	Check	3140 Payroll Taxes Liabilities	
11/17/2023	2116	SEA PRIVATE SEAFOOD		766.60		Reconciled	127,587.89	Check	Purchase:Sea Pirate Seafood	
11/17/2023			MERCHANT BNKCD DES:DEPOSIT ID:266371382885 INDN:THAI KITCHEN 2 CO ID:F592126793 CCD		3,070.04	Reconciled	128,354.49	Deposit	Income:CREDIT CARD	
11/17/2023			DoorDash, Inc. DES:Disabled A ID:ST-L5S9J1X0P2R0 INDN:COUR THAI LLC CO ID:4270465600 CCD		1,340.58	Reconciled	125,284.45	Deposit	Income:DoorDash	
11/17/2023			GRUBHUB INC DES:Nov Actvty ID:23111715X8mcd2j INDN:COUR THAI GROUP CORPOR CO ID:1261328194 CCD		903.28	Reconciled	123,943.87	Deposit	Income:GRUBHUB	
11/16/2023		TOYOTA FINANCE	SETF WORLD OMNI DES:BILL PAY ID:17966424511 INDN:NULL NULL CO ID:7529064511 TEL	723.88		Reconciled	123,040.59	Check	7720 Car  Lease Expense	
11/16/2023	2123	KAM KEU MARKET		2,126.35		Reconciled	123,764.47	Check	Purchase:KAM KEU ASIAN MARKET	
11/16/2023			MERCHANT BNKCD DES:DEPOSIT ID:266371382885 INDN:THAI KITCHEN 2 CO ID:F592126793 CCD		2,507.80	Reconciled	125,890.82	Deposit	Income:CREDIT CARD	
11/15/2023	5532	CHECK		487.24		Reconciled	123,383.02	Check	8400 Salaries and wages	
11/15/2023	5531	CHECK		631.90		Reconciled	123,870.26	Check	8400 Salaries and wages	
11/15/2023	5525	CHECK		487.24		Reconciled	124,502.16	Check	8400 Salaries and wages	
11/15/2023	5524	CHECK		631.90		Reconciled	124,989.40	Check	8400 Salaries and wages	
11/15/2023	5513	CHECK		487.24		Reconciled	125,621.30	Check	8400 Salaries and wages	
11/15/2023	5512	CHECK		631.90		Reconciled	126,108.54	Check	8400 Salaries and wages	
11/15/2023	5499	CHECK		487.24		Reconciled	126,740.44	Check	8400 Salaries and wages	
11/15/2023	5498	CHECK		631.90		Reconciled	127,227.68	Check	8400 Salaries and wages	
11/15/2023			MERCHANT BNKCD DES:DEPOSIT ID:266371382885 INDN:THAI KITCHEN 2 CO ID:F592126793 CCD		2,130.29	Reconciled	127,859.58	Deposit	Income:CREDIT CARD	
11/14/2023	5583	CHECK		835.99		Reconciled	125,729.29	Check	8400 Salaries and wages	
11/14/2023	5576	CHECK		808.90		Reconciled	126,565.28	Check	8400 Salaries and wages	
11/14/2023	5569	CHECK		801.78		Reconciled	127,374.18	Check	8400 Salaries and wages	
11/14/2023	5562	CHECK		771.01		Reconciled	128,175.96	Check	8400 Salaries and wages	
11/14/2023	2118	DA THAISON		2,080.00		Reconciled	128,946.97	Check	Purchase:Da Thaison Inc	
11/14/2023			MERCHANT BNKCD DES:DEPOSIT ID:266371382885 INDN:THAI KITCHEN 2 CO ID:F592126793 CCD		1,744.96	Reconciled	131,026.97	Deposit	Income:CREDIT CARD	
11/13/2023	5577	CHECK		575.64		Reconciled	129,282.01	Check	8400 Salaries and wages	
11/13/2023	5570	CHECK		575.63		Reconciled	129,857.65	Check	8400 Salaries and wages	
11/13/2023	5563	CHECK		575.64		Reconciled	130,433.28	Check	8400 Salaries and wages	
11/13/2023	5556	CHECK		575.63		Reconciled	131,008.92	Check	8400 Salaries and wages	
11/13/2023	2121	C & S ASSOCIATES		1,706.00		Reconciled	131,584.55	Check	Rent:Dormitory	
11/13/2023			MERCHANT BNKCD DES:DEPOSIT ID:266371382885 INDN:THAI KITCHEN 2 CO ID:F592126793 CCD		5,426.95	Reconciled	133,290.55	Deposit	Income:CREDIT CARD	
11/13/2023			MERCHANT BNKCD DES:DEPOSIT ID:266371382885 INDN:THAI KITCHEN 2 CO ID:F592126793 CCD		3,229.23	Reconciled	127,863.60	Deposit	Income:CREDIT CARD	
11/10/2023	2122	LAI F CHONG		20,000.00		Reconciled	124,634.37	Check	S Corp Distribution:Lai F Chong	
11/10/2023	2120	KAM KEU MARKET		2,003.20		Reconciled	144,634.37	Check	Purchase:KAM KEU ASIAN MARKET	
11/10/2023	2117	Levin Management		13,553.54		Reconciled	146,637.57	Check	Rent:Restaurant	
11/10/2023			MERCHANT BNKCD DES:DEPOSIT ID:266371382885 INDN:THAI KITCHEN 2 CO ID:F592126793 CCD		2,629.76	Reconciled	160,191.11	Deposit	Income:CREDIT CARD	
11/10/2023			DoorDash, Inc. DES:Disabled A ID:ST-H2K7H1T4K8E9 INDN:COUR THAI LLC CO ID:4270465600 CCD		1,380.17	Reconciled	157,561.35	Deposit	Income:DoorDash	
11/10/2023			GRUBHUB INC DES:Nov Actvty ID:23111008X8mcd2j INDN:COUR THAI GROUP CORPOR CO ID:1261328194 CCD		928.93	Reconciled	156,181.18	Deposit	Income:GRUBHUB	
11/09/2023			MERCHANT BNKCD DES:DEPOSIT ID:266371382885 INDN:THAI KITCHEN 2 CO ID:F592126793 CCD		2,726.95	Reconciled	155,252.25	Deposit	Income:CREDIT CARD	
11/08/2023			MERCHANT BNKCD DES:DEPOSIT ID:266371382885 INDN:THAI KITCHEN 2 CO ID:F592126793 CCD		6,348.77	Reconciled	152,525.30	Deposit	Income:CREDIT CARD	
11/06/2023	2112	OCEAN PLASTIC PACKAGING TRADING INC		640.00		Reconciled	146,176.53	Check	Purchase:OCEAN PLASTIC PACKAGING TRADING	
11/06/2023			MERCHANT BNKCD DES:DEPOSIT ID:266371382885 INDN:THAI KITCHEN 2 CO ID:F592126793 CCD		6,769.40	Reconciled	146,816.53	Deposit	Income:CREDIT CARD	
11/06/2023			MERCHANT BNKCD DES:DEPOSIT ID:266371382885 INDN:THAI KITCHEN 2 CO ID:F592126793 CCD		705.44	Reconciled	140,047.13	Deposit	Income:CREDIT CARD	
11/03/2023		PAYCHEX EIB INVOICE	PAYCHEX EIB DES:INVOICE ID:X04534800026865 INDN:COUR THAI GROUP CORPOR CO ID:1161124166 CCD	145.39		Reconciled	139,341.69	Check	8460 Payroll Processing Fees	
11/03/2023		MERCHANT BANKCD	MERCHANT BNKCD DES:DEPOSIT ID:266371382885 INDN:THAI KITCHEN 2 CO ID:F592126793 CCD	2,896.00		Reconciled	139,487.08	Check	7750 Credit Card Processing Fee	
11/03/2023			MERCHANT BNKCD DES:DEPOSIT ID:266371382885 INDN:THAI KITCHEN 2 CO ID:F592126793 CCD		1,746.25	Reconciled	142,383.08	Deposit	Income:CREDIT CARD	
11/03/2023			DoorDash, Inc. DES:Disabled A ID:ST-G9L5J2N1G9H3 INDN:COUR THAI LLC CO ID:4270465600 CCD		1,310.52	Reconciled	140,636.83	Deposit	Income:DoorDash	
11/03/2023			GRUBHUB INC DES:Oct Actvty ID:23110301X8mcd2j INDN:COUR THAI GROUP CORPOR CO ID:1261328194 CCD		1,185.04	Reconciled	139,326.31	Deposit	Income:GRUBHUB	
11/02/2023		PAYCHEX TPS TAXES	PAYCHEX TPS DES:TAXES ID:04522400014276X INDN:COUR THAI GROUP CORPOR CO ID:1161124166 CCD	1,678.45		Reconciled	138,141.27	Check	3140 Payroll Taxes Liabilities	
11/02/2023	2114	SEA PRIVATE SEAFOOD		908.00		Reconciled	139,819.72	Check	Purchase:Sea Pirate Seafood	
11/02/2023			MERCHANT BNKCD DES:DEPOSIT ID:266371382885 INDN:THAI KITCHEN 2 CO ID:F592126793 CCD		2,314.00	Reconciled	140,727.72	Deposit	Income:CREDIT CARD	
11/01/2023			MERCHANT BNKCD DES:DEPOSIT ID:266371382885 INDN:THAI KITCHEN 2 CO ID:F592126793 CCD		1,922.86	Reconciled	138,413.72	Deposit	Income:CREDIT CARD	
10/31/2023	2115	KAM KEU MARKET		2,511.75		Reconciled	136,490.86	Check	Purchase:KAM KEU ASIAN MARKET	
10/31/2023			MERCHANT BNKCD DES:DEPOSIT ID:266371382885 INDN:THAI KITCHEN 2 CO ID:F592126793 CCD		2,016.25	Reconciled	139,002.61	Deposit	Income:CREDIT CARD	
10/30/2023	2104	NJ AMERICAN WATER		1,059.13		Reconciled	136,986.36	Check	Utilities:Water	
10/30/2023			MERCHANT BNKCD DES:DEPOSIT ID:266371382885 INDN:THAI KITCHEN 2 CO ID:F592126793 CCD		4,936.53	Reconciled	138,045.49	Deposit	Income:CREDIT CARD	
10/30/2023			MERCHANT BNKCD DES:DEPOSIT ID:266371382885 INDN:THAI KITCHEN 2 CO ID:F592126793 CCD		4,078.76	Reconciled	133,108.96	Deposit	Income:CREDIT CARD	
10/27/2023	5572	CHECK		720.00		Reconciled	129,030.20	Check	8400 Salaries and wages	
10/27/2023	5565	CHECK		720.01		Reconciled	129,750.20	Check	8400 Salaries and wages	
10/27/2023	5550	CHECK		1,647.26		Reconciled	130,470.21	Check	8400 Salaries and wages	
10/27/2023	2108	ECOLAB		357.24		Reconciled	132,117.47	Check	8870 Pest Control	
10/27/2023	2107	VERIZON		197.92		Reconciled	132,474.71	Check	8840 Telephone	
10/27/2023	2106	HORIZON		1,341.27		Reconciled	132,672.63	Check	8150 Health Insurance	
10/27/2023	2105	REPUBLIC SERVICE		250.47		Reconciled	134,013.90	Check	8880 Waste Management	
10/27/2023			MERCHANT BNKCD DES:DEPOSIT ID:266371382885 INDN:THAI KITCHEN 2 CO ID:F592126793 CCD		2,406.51	Reconciled	134,264.37	Deposit	Income:CREDIT CARD	
10/27/2023			DoorDash, Inc. DES:Disabled A ID:ST-V3D8V1N2E4T7 INDN:COUR THAI LLC CO ID:4270465600 CCD		1,614.16	Reconciled	131,857.86	Deposit	Income:DoorDash	
10/27/2023			GRUBHUB INC DES:Oct Actvty ID:23102725X8mcd2j INDN:COUR THAI GROUP CORPOR CO ID:1261328194 CCD		908.21	Reconciled	130,243.70	Deposit	Income:GRUBHUB	
10/26/2023	2109	Levin Management		3,540.00		Reconciled	129,335.49	Check	Rent:Restaurant	
10/26/2023			MERCHANT BNKCD DES:DEPOSIT ID:266371382885 INDN:THAI KITCHEN 2 CO ID:F592126793 CCD		2,257.22	Reconciled	132,875.49	Deposit	Income:CREDIT CARD	
10/25/2023			MERCHANT BNKCD DES:DEPOSIT ID:266371382885 INDN:THAI KITCHEN 2 CO ID:F592126793 CCD		2,078.66	Reconciled	130,618.27	Deposit	Income:CREDIT CARD	
10/24/2023	2111	KAM KEU MARKET		2,561.80		Reconciled	128,539.61	Check	Purchase:KAM KEU ASIAN MARKET	
10/24/2023			MERCHANT BNKCD DES:DEPOSIT ID:266371382885 INDN:THAI KITCHEN 2 CO ID:F592126793 CCD		2,150.44	Reconciled	131,101.41	Deposit	Income:CREDIT CARD	
10/23/2023		Online Banking payment to CSL 7321	Online Banking payment to CRD 7321 Confirmation# 2606484352	4,512.42		Reconciled	128,950.97	Check	3410 BOA #3563/#7321	
10/23/2023	2103	LAI F CHONG		7,000.00		Reconciled	133,463.39	Check	S Corp Distribution:Lai F Chong	
10/23/2023					2,687.94	Reconciled	140,463.39	Deposit		
10/23/2023			MERCHANT BNKCD DES:DEPOSIT ID:266371382885 INDN:THAI KITCHEN 2 CO ID:F592126793 CCD		6,119.20	Reconciled	137,775.45	Deposit	Income:CREDIT CARD	
10/23/2023			MERCHANT BNKCD DES:DEPOSIT ID:266371382885 INDN:THAI KITCHEN 2 CO ID:F592126793 CCD		4,023.18	Reconciled	131,656.25	Deposit	Income:CREDIT CARD	
10/20/2023		NJ S&U WEB PMT	NJ S&U WEB PMT DES:NJWEB55 ID:091000015829748 INDN:COUR THAI GROUP CORPOR CO ID:7216000928 CCD PMT INFO:TXP*B8439605	5,299.90		Reconciled	127,633.07	Check	6030 Sales Tax  Adjustment	
10/20/2023		PAYCHEX EIB INVOICE	PAYCHEX EIB DES:INVOICE ID:X04359400003670 INDN:COUR THAI GROUP CORPOR CO ID:1161124166 CCD	146.19		Reconciled	132,932.97	Check	8460 Payroll Processing Fees	
10/20/2023			MERCHANT BNKCD DES:DEPOSIT ID:266371382885 INDN:THAI KITCHEN 2 CO ID:F592126793 CCD		2,884.41	Reconciled	133,079.16	Deposit	Income:CREDIT CARD	
10/20/2023			DoorDash, Inc. DES:Disabled A ID:ST-T4P3S7C9Q3Q6 INDN:COUR THAI LLC CO ID:4270465600 CCD		1,401.75	Reconciled	130,194.75	Deposit	Income:DoorDash	
10/20/2023			GRUBHUB INC DES:Oct Actvty ID:23102018X8mcd2j INDN:COUR THAI GROUP CORPOR CO ID:1261328194 CCD		1,135.01	Reconciled	128,793.00	Deposit	Income:GRUBHUB	
10/20/2023			PAYCHEX TPS DES:TAXES ID:04364500045170X INDN:COUR THAI GROUP CORPOR CO ID:1161124166 CCD		263.17	Reconciled	127,657.99	Deposit	8460 Payroll Processing Fees	
10/19/2023		PAYCHEX TPS TAXES	PAYCHEX TPS DES:TAXES ID:04347900013607X INDN:COUR THAI GROUP CORPOR CO ID:1161124166 CCD	1,666.50		Reconciled	127,394.82	Check	3140 Payroll Taxes Liabilities	
10/19/2023			MERCHANT BNKCD DES:DEPOSIT ID:266371382885 INDN:THAI KITCHEN 2 CO ID:F592126793 CCD		2,640.11	Reconciled	129,061.32	Deposit	Income:CREDIT CARD	
10/18/2023	5561	CHECK		631.22		Reconciled	126,421.21	Check	8400 Salaries and wages	
10/18/2023	5533	CHECK		612.81		Reconciled	127,052.43	Check	8400 Salaries and wages	
10/18/2023	5529	CHECK		1,789.73		Reconciled	127,665.24	Check	8400 Salaries and wages	
10/18/2023	5526	CHECK		511.39		Reconciled	129,454.97	Check	8400 Salaries and wages	
10/18/2023	2101	SEA PRIVATE SEAFOOD		502.76		Reconciled	129,966.36	Check	Purchase:Sea Pirate Seafood	
10/18/2023	2100	DA THAISON		1,850.50		Reconciled	130,469.12	Check	Purchase:Da Thaison Inc	
10/18/2023			MERCHANT BNKCD DES:DEPOSIT ID:266371382885 INDN:THAI KITCHEN 2 CO ID:F592126793 CCD		1,953.14	Reconciled	132,319.62	Deposit	Income:CREDIT CARD	
10/17/2023	2102	KAM KEU MARKET		2,229.45		Reconciled	130,366.48	Check	Purchase:KAM KEU ASIAN MARKET	
10/17/2023			MERCHANT BNKCD DES:DEPOSIT ID:266371382885 INDN:THAI KITCHEN 2 CO ID:F592126793 CCD		2,298.61	Reconciled	132,595.93	Deposit	Income:CREDIT CARD	
10/16/2023		TOYOTA FINANCE	SETF WORLD OMNI DES:BILL PAY ID:17883668591 INDN:NULL NULL CO ID:7529064511 TEL	723.88		Reconciled	130,297.32	Check	7720 Car  Lease Expense	
10/16/2023			MERCHANT BNKCD DES:DEPOSIT ID:266371382885 INDN:THAI KITCHEN 2 CO ID:F592126793 CCD		5,415.91	Reconciled	131,021.20	Deposit	Income:CREDIT CARD	
10/16/2023			MERCHANT BNKCD DES:DEPOSIT ID:266371382885 INDN:THAI KITCHEN 2 CO ID:F592126793 CCD		3,284.04	Reconciled	125,605.29	Deposit	Income:CREDIT CARD	
10/13/2023	2099	KAM KEU MARKET		2,318.40		Reconciled	122,321.25	Check	Purchase:KAM KEU ASIAN MARKET	
10/13/2023			MERCHANT BNKCD DES:DEPOSIT ID:266371382885 INDN:THAI KITCHEN 2 CO ID:F592126793 CCD		2,354.65	Reconciled	124,639.65	Deposit	Income:CREDIT CARD	
10/13/2023			DoorDash, Inc. DES:Disabled A ID:ST-V1Q5Y5L5F4S9 INDN:COUR THAI LLC CO ID:4270465600 CCD		1,614.32	Reconciled	122,285.00	Deposit	Income:DoorDash	
10/13/2023			GRUBHUB INC DES:Oct Actvty ID:23101311X8mcd2j INDN:COUR THAI GROUP CORPOR CO ID:1261328194 CCD		838.48	Reconciled	120,670.68	Deposit	Income:GRUBHUB	
10/12/2023			MERCHANT BNKCD DES:DEPOSIT ID:266371382885 INDN:THAI KITCHEN 2 CO ID:F592126793 CCD		2,317.91	Reconciled	119,832.20	Deposit	Income:CREDIT CARD	
10/12/2023			MERCHANT BNKCD DES:DEPOSIT ID:266371382885 INDN:THAI KITCHEN 2 CO ID:F592126793 CCD		27.62	Reconciled	117,514.29	Deposit	Income:CREDIT CARD	
10/11/2023	2093	Levin Management		13,553.54		Reconciled	117,486.67	Check	Rent:Restaurant	
10/11/2023	2092	DA THAISON		1,091.50		Reconciled	131,040.21	Check	Purchase:Da Thaison Inc	
10/11/2023			MERCHANT BNKCD DES:DEPOSIT ID:266371382885 INDN:THAI KITCHEN 2 CO ID:F592126793 CCD		2,761.50	Reconciled	132,131.71	Deposit	Income:CREDIT CARD	
10/10/2023	2098	LAI F CHONG		12,000.00		Reconciled	129,370.21	Check	S Corp Distribution:Lai F Chong	
10/10/2023	2097	AUTO CHLOR SYSTEM		267.52		Reconciled	141,370.21	Check	8670 Dishwash expense	
10/10/2023	2096	PSE&G		2,106.18		Reconciled	141,637.73	Check	Utilities:Gas and Electric	
10/10/2023	2094	C & S ASSOCIATES		1,706.00		Reconciled	143,743.91	Check	Rent:Dormitory	
10/10/2023	2091	SEA PRIVATE SEAFOOD		1,351.12		Reconciled	145,449.91	Check	Purchase:Sea Pirate Seafood	
10/10/2023			MERCHANT BNKCD DES:DEPOSIT ID:266371382885 INDN:THAI KITCHEN 2 CO ID:F592126793 CCD		6,499.36	Reconciled	146,801.03	Deposit	Income:CREDIT CARD	
10/10/2023			MERCHANT BNKCD DES:DEPOSIT ID:266371382885 INDN:THAI KITCHEN 2 CO ID:F592126793 CCD		4,573.43	Reconciled	140,301.67	Deposit	Income:CREDIT CARD	
10/10/2023			MERCHANT BNKCD DES:DEPOSIT ID:266371382885 INDN:THAI KITCHEN 2 CO ID:F592126793 CCD		1,863.55	Reconciled	135,728.24	Deposit	Income:CREDIT CARD	
10/06/2023		PAYCHEX EIB INVOICE	PAYCHEX EIB DES:INVOICE ID:X04189500004120 INDN:COUR THAI GROUP CORPOR CO ID:1161124166 CCD	162.44		Reconciled	133,864.69	Check	8460 Payroll Processing Fees	
10/06/2023			MERCHANT BNKCD DES:DEPOSIT ID:266371382885 INDN:THAI KITCHEN 2 CO ID:F592126793 CCD		3,678.10	Reconciled	134,027.13	Deposit	Income:CREDIT CARD	
10/06/2023			DoorDash, Inc. DES:Disabled A ID:ST-H6C2Q4Q4A6P7 INDN:COUR THAI LLC CO ID:4270465600 CCD		1,400.03	Reconciled	130,349.03	Deposit	Income:DoorDash	
10/06/2023			GRUBHUB INC DES:Sep Actvty ID:23100601X8mcd2j INDN:COUR THAI GROUP CORPOR CO ID:1261328194 CCD		830.00	Reconciled	128,949.00	Deposit	Income:GRUBHUB	
10/06/2023			GRUBHUB INC DES:Oct Actvty ID:23100604X8mcd2j INDN:COUR THAI GROUP CORPOR CO ID:1261328194 CCD		442.51	Reconciled	128,119.00	Deposit	Income:GRUBHUB	
10/05/2023		PAYCHEX TPS TAXES	PAYCHEX TPS DES:TAXES ID:04182200013759X INDN:COUR THAI GROUP CORPOR CO ID:1161124166 CCD	1,666.66		Reconciled	127,676.49	Check	3140 Payroll Taxes Liabilities	
10/05/2023	5555	CHECK		764.39		Reconciled	129,343.15	Check	8400 Salaries and wages	
10/05/2023	5548	CHECK		788.62		Reconciled	130,107.54	Check	8400 Salaries and wages	
10/05/2023	2095	DM CLEANING UP SERVICES LLC		481.00		Reconciled	130,896.16	Check	8660 Repairs & maintenance	
10/05/2023			MERCHANT BNKCD DES:DEPOSIT ID:266371382885 INDN:THAI KITCHEN 2 CO ID:F592126793 CCD		2,892.26	Reconciled	131,377.16	Deposit	Income:CREDIT CARD	
10/04/2023			MERCHANT BNKCD DES:DEPOSIT ID:266371382885 INDN:THAI KITCHEN 2 CO ID:F592126793 CCD		1,633.60	Reconciled	128,484.90	Deposit	Income:CREDIT CARD	
10/03/2023		MERCHANT BANKCD	MERCHANT BNKCD DES:DEPOSIT ID:266371382885 INDN:THAI KITCHEN 2 CO ID:F592126793 CCD	2,511.59		Reconciled	126,851.30	Check	7750 Credit Card Processing Fee	
10/03/2023	2090	KAM KEU MARKET		4,668.40		Reconciled	129,362.89	Check	Purchase:KAM KEU ASIAN MARKET	
10/03/2023			MERCHANT BNKCD DES:DEPOSIT ID:266371382885 INDN:THAI KITCHEN 2 CO ID:F592126793 CCD		1,861.07	Reconciled	134,031.29	Deposit	Income:CREDIT CARD	
10/02/2023		Online Banking payment to CSL 7321	Online Banking payment to CRD 7321 Confirmation# 4025108698	5,807.20		Reconciled	132,170.22	Check	3410 BOA #3563/#7321	
10/02/2023			MERCHANT BNKCD DES:DEPOSIT ID:266371382885 INDN:THAI KITCHEN 2 CO ID:F592126793 CCD		7,539.27	Reconciled	137,977.42	Deposit	Income:CREDIT CARD	
10/02/2023			MERCHANT BNKCD DES:DEPOSIT ID:266371382885 INDN:THAI KITCHEN 2 CO ID:F592126793 CCD		1,765.50	Reconciled	130,438.15	Deposit	Income:CREDIT CARD	
09/29/2023	2081	OCEAN PLASTIC PACKAGING TRADING INC		1,041.25		Reconciled	128,672.65	Check	Purchase:OCEAN PLASTIC PACKAGING TRADING	
09/29/2023			MERCHANT BNKCD DES:DEPOSIT ID:266371382885 INDN:THAI KITCHEN 2 CO ID:F592126793 CCD		2,508.05	Reconciled	129,713.90	Deposit	Income:CREDIT CARD	
09/29/2023			DoorDash, Inc. DES:Disabled A ID:ST-A9L9Z9Q4I7U0 INDN:COUR THAI LLC CO ID:4270465600 CCD		1,710.18	Reconciled	127,205.85	Deposit	Income:DoorDash	
09/29/2023			GRUBHUB INC DES:Sep Actvty ID:23092927X8mcd2j INDN:COUR THAI GROUP CORPOR CO ID:1261328194 CCD		1,642.17	Reconciled	125,495.67	Deposit	Income:GRUBHUB	
09/28/2023	2084	NJ AMERICAN WATER		971.99		Reconciled	123,853.50	Check	Utilities:Water	
09/28/2023			MERCHANT BNKCD DES:DEPOSIT ID:266371382885 INDN:THAI KITCHEN 2 CO ID:F592126793 CCD		2,766.46	Reconciled	124,825.49	Deposit	Income:CREDIT CARD	
09/27/2023	2089	DA THAISON		1,948.50		Reconciled	122,059.03	Check	Purchase:Da Thaison Inc	
09/27/2023	2088	VERIZON		195.14		Reconciled	124,007.53	Check	8840 Telephone	
09/27/2023	2085	REPUBLIC SERVICE		253.07		Reconciled	124,202.67	Check	8880 Waste Management	
09/27/2023			MERCHANT BNKCD DES:DEPOSIT ID:266371382885 INDN:THAI KITCHEN 2 CO ID:F592126793 CCD		2,765.42	Reconciled	124,455.74	Deposit	Income:CREDIT CARD	
09/26/2023	5558	CHECK		720.00		Reconciled	121,690.32	Check	8400 Salaries and wages	
09/26/2023	5551	CHECK		720.01		Reconciled	122,410.32	Check	8400 Salaries and wages	
09/26/2023	5544	CHECK		720.00		Reconciled	123,130.33	Check	8400 Salaries and wages	
09/26/2023	5516	CHECK		2,481.40		Reconciled	123,850.33	Check	8400 Salaries and wages	
09/26/2023			MERCHANT BNKCD DES:DEPOSIT ID:266371382885 INDN:THAI KITCHEN 2 CO ID:F592126793 CCD		2,216.66	Reconciled	126,331.73	Deposit	Income:CREDIT CARD	
09/25/2023	5554	CHECK		583.44		Reconciled	124,115.07	Check	8400 Salaries and wages	
09/25/2023	5543	CHECK		1,564.18		Reconciled	124,698.51	Check	8400 Salaries and wages	
09/25/2023	5540	CHECK		638.80		Reconciled	126,262.69	Check	8400 Salaries and wages	
09/25/2023	5536	CHECK		1,814.40		Reconciled	126,901.49	Check	8400 Salaries and wages	
09/25/2023	5500	CHECK		827.57		Reconciled	128,715.89	Check	8400 Salaries and wages	
09/25/2023	2087	HORIZON		2,682.54		Reconciled	129,543.46	Check	8150 Health Insurance	
09/25/2023	2086	PSE&G		2,050.00		Reconciled	132,226.00	Check	Utilities:Gas and Electric	
09/25/2023			MERCHANT BNKCD DES:DEPOSIT ID:266371382885 INDN:THAI KITCHEN 2 CO ID:F592126793 CCD		6,374.36	Reconciled	134,276.00	Deposit	Income:CREDIT CARD	
09/25/2023			MERCHANT BNKCD DES:DEPOSIT ID:266371382885 INDN:THAI KITCHEN 2 CO ID:F592126793 CCD		3,614.19	Reconciled	127,901.64	Deposit	Income:CREDIT CARD	
09/22/2023		PAYCHEX EIB INVOICE	PAYCHEX EIB DES:INVOICE ID:X04006700027926 INDN:COUR THAI GROUP CORPOR CO ID:1161124166 CCD	146.19		Reconciled	124,287.45	Check	8460 Payroll Processing Fees	
09/22/2023			MERCHANT BNKCD DES:DEPOSIT ID:266371382885 INDN:THAI KITCHEN 2 CO ID:F592126793 CCD		2,881.25	Reconciled	124,433.64	Deposit	Income:CREDIT CARD	
09/22/2023			DoorDash, Inc. DES:Disabled A ID:ST-Z6M3Y5L3D7T1 INDN:COUR THAI LLC CO ID:4270465600 CCD		1,014.44	Reconciled	121,552.39	Deposit	Income:DoorDash	
09/22/2023			GRUBHUB INC DES:Sep Actvty ID:23092220X8mcd2j INDN:COUR THAI GROUP CORPOR CO ID:1261328194 CCD		935.98	Reconciled	120,537.95	Deposit	Income:GRUBHUB	
09/21/2023		PAYCHEX TPS TAXES	PAYCHEX TPS DES:TAXES ID:04001700013636X INDN:COUR THAI GROUP CORPOR CO ID:1161124166 CCD	1,451.78		Reconciled	119,601.97	Check	3140 Payroll Taxes Liabilities	
09/21/2023	2082	LAI F CHONG		20,000.00		Reconciled	121,053.75	Check	S Corp Distribution:Lai F Chong	
09/21/2023			MERCHANT BNKCD DES:DEPOSIT ID:266371382885 INDN:THAI KITCHEN 2 CO ID:F592126793 CCD		2,359.54	Reconciled	141,053.75	Deposit	Income:CREDIT CARD	
09/20/2023		NJ S&U WEB PMT	NJ WEB PMT 04110 DES:NJWEB04110 ID:091000015566950 INDN:COUR THAI GROUP CORPOR CO ID:7216000928 CCD PMT INFO:TXP*B843960	5,154.84		Reconciled	138,694.21	Check	6030 Sales Tax  Adjustment	
09/20/2023			MERCHANT BNKCD DES:DEPOSIT ID:266371382885 INDN:THAI KITCHEN 2 CO ID:F592126793 CCD		1,495.01	Reconciled	143,849.05	Deposit	Income:CREDIT CARD	
09/19/2023	2083	KAM KEU MARKET		2,134.00		Reconciled	142,354.04	Check	Purchase:KAM KEU ASIAN MARKET	
09/19/2023			MERCHANT BNKCD DES:DEPOSIT ID:266371382885 INDN:THAI KITCHEN 2 CO ID:F592126793 CCD		1,792.23	Reconciled	144,488.04	Deposit	Income:CREDIT CARD	
09/18/2023			MERCHANT BNKCD DES:DEPOSIT ID:266371382885 INDN:THAI KITCHEN 2 CO ID:F592126793 CCD		4,453.70	Reconciled	142,695.81	Deposit	Income:CREDIT CARD	
09/18/2023			MERCHANT BNKCD DES:DEPOSIT ID:266371382885 INDN:THAI KITCHEN 2 CO ID:F592126793 CCD		2,807.98	Reconciled	138,242.11	Deposit	Income:CREDIT CARD	
09/15/2023	5549	CHECK		575.64		Reconciled	135,434.13	Check	8400 Salaries and wages	
09/15/2023			MERCHANT BNKCD DES:DEPOSIT ID:266371382885 INDN:THAI KITCHEN 2 CO ID:F592126793 CCD		2,363.51	Reconciled	136,009.77	Deposit	Income:CREDIT CARD	
09/15/2023			DoorDash, Inc. DES:Disabled A ID:ST-Z6V6J6Y5I4G2 INDN:COUR THAI LLC CO ID:4270465600 CCD		1,944.15	Reconciled	133,646.26	Deposit	Income:DoorDash	
09/15/2023			GRUBHUB INC DES:Sep Actvty ID:23091513X8mcd2j INDN:COUR THAI GROUP CORPOR CO ID:1261328194 CCD		1,029.27	Reconciled	131,702.11	Deposit	Income:GRUBHUB	
09/14/2023		TOYOTA FINANCE	SETF WORLD OMNI DES:BILL PAY ID:17786318651 INDN:NULL NULL CO ID:7529064511 TEL	723.88		Reconciled	130,672.84	Check	7720 Car  Lease Expense	
09/14/2023	2068	REPUBLIC SERVICE		253.67		Reconciled	131,396.72	Check	8880 Waste Management	
09/14/2023			MERCHANT BNKCD DES:DEPOSIT ID:266371382885 INDN:THAI KITCHEN 2 CO ID:F592126793 CCD		2,744.95	Reconciled	131,650.39	Deposit	Income:CREDIT CARD	
09/13/2023	5542	CHECK		575.63		Reconciled	128,905.44	Check	8400 Salaries and wages	
09/13/2023	5537	CHECK		720.01		Reconciled	129,481.07	Check	8400 Salaries and wages	
09/13/2023	5535	CHECK		575.64		Reconciled	130,201.08	Check	8400 Salaries and wages	
09/13/2023	5530	CHECK		720.00		Reconciled	130,776.72	Check	8400 Salaries and wages	
09/13/2023	5523	CHECK		720.01		Reconciled	131,496.72	Check	8400 Salaries and wages	
09/13/2023	5522	CHECK		1,655.11		Reconciled	132,216.73	Check	8400 Salaries and wages	
09/13/2023	5497	CHECK		720.01		Reconciled	133,871.84	Check	8400 Salaries and wages	
09/13/2023	5496	CHECK		2,403.98		Reconciled	134,591.85	Check	8400 Salaries and wages	
09/13/2023	2078	DA THAISON		1,780.40		Reconciled	136,995.83	Check	Purchase:Da Thaison Inc	
09/13/2023			MERCHANT BNKCD DES:DEPOSIT ID:266371382885 INDN:THAI KITCHEN 2 CO ID:F592126793 CCD		1,728.75	Reconciled	138,776.23	Deposit	Income:CREDIT CARD	
09/12/2023	2080	KAM KEU MARKET		2,554.65		Reconciled	137,047.48	Check	Purchase:KAM KEU ASIAN MARKET	
09/12/2023	2079	SEA PRIVATE SEAFOOD		473.30		Reconciled	139,602.13	Check	Purchase:Sea Pirate Seafood	
09/12/2023			MERCHANT BNKCD DES:DEPOSIT ID:266371382885 INDN:THAI KITCHEN 2 CO ID:F592126793 CCD		1,479.14	Reconciled	140,075.43	Deposit	Income:CREDIT CARD	
09/11/2023		MERCHANT BANKCD	MERCHANT BNKCD DES:DEPOSIT ID:266371382885 INDN:THAI KITCHEN 2 CO ID:F592126793 CCD	27.62		Reconciled	138,596.29	Check	Income:CREDIT CARD	
09/11/2023	2075	Levin Management		13,553.54		Reconciled	138,623.91	Check	Rent:Restaurant	
09/11/2023			MERCHANT BNKCD DES:DEPOSIT ID:266371382885 INDN:THAI KITCHEN 2 CO ID:F592126793 CCD		5,292.50	Reconciled	152,177.45	Deposit	Income:CREDIT CARD	
09/11/2023			MERCHANT BNKCD DES:DEPOSIT ID:266371382885 INDN:THAI KITCHEN 2 CO ID:F592126793 CCD		2,590.61	Reconciled	146,884.95	Deposit	Income:CREDIT CARD	
09/08/2023		PAYCHEX EIB INVOICE	PAYCHEX EIB DES:INVOICE ID:X03826100007622 INDN:COUR THAI GROUP CORPOR CO ID:1161124166 CCD	146.19		Reconciled	144,294.34	Check	8460 Payroll Processing Fees	
09/08/2023	2077	C & S ASSOCIATES		1,706.00		Reconciled	144,440.53	Check	Rent:Dormitory	
09/08/2023	2076	AUTO CHLOR SYSTEM		233.78		Reconciled	146,146.53	Check	8670 Dishwash expense	
09/08/2023	2072	CHECK		964.00		Reconciled	146,380.31	Check	Purchase:Da Thaison Inc	
09/08/2023			MERCHANT BNKCD DES:DEPOSIT ID:266371382885 INDN:THAI KITCHEN 2 CO ID:F592126793 CCD		2,684.70	Reconciled	147,344.31	Deposit	Income:CREDIT CARD	
09/08/2023			DoorDash, Inc. DES:Disabled A ID:ST-S2Q0D0X7D4X8 INDN:COUR THAI LLC CO ID:4270465600 CCD		1,782.19	Reconciled	144,659.61	Deposit	Income:DoorDash	
09/08/2023			GRUBHUB INC DES:Sep Actvty ID:23090806X8mcd2j INDN:COUR THAI GROUP CORPOR CO ID:1261328194 CCD		818.04	Reconciled	142,877.42	Deposit	Income:GRUBHUB	
09/08/2023			GRUBHUB INC DES:Aug Actvty ID:23090801X8mcd2j INDN:COUR THAI GROUP CORPOR CO ID:1261328194 CCD		438.84	Reconciled	142,059.38	Deposit	Income:GRUBHUB	
09/07/2023		PAYCHEX TPS TAXES	PAYCHEX TPS DES:TAXES ID:03821800014633X INDN:COUR THAI GROUP CORPOR CO ID:1161124166 CCD	1,554.98		Reconciled	141,620.54	Check	3140 Payroll Taxes Liabilities	
09/07/2023			MERCHANT BNKCD DES:DEPOSIT ID:266371382885 INDN:THAI KITCHEN 2 CO ID:F592126793 CCD		2,942.88	Reconciled	143,175.52	Deposit	Income:CREDIT CARD	
09/06/2023	5519	CHECK		487.24		Reconciled	140,232.64	Check	8400 Salaries and wages	
09/06/2023	5518	CHECK		631.90		Reconciled	140,719.88	Check	8400 Salaries and wages	
09/06/2023	5493	CHECK		487.24		Reconciled	141,351.78	Check	8400 Salaries and wages	
09/06/2023	5492	CHECK		631.90		Reconciled	141,839.02	Check	8400 Salaries and wages	
09/06/2023	5487	CHECK		487.24		Reconciled	142,470.92	Check	8400 Salaries and wages	
09/06/2023	5486	CHECK		631.90		Reconciled	142,958.16	Check	8400 Salaries and wages	
09/06/2023			MERCHANT BNKCD DES:DEPOSIT ID:266371382885 INDN:THAI KITCHEN 2 CO ID:F592126793 CCD		1,412.93	Reconciled	143,590.06	Deposit	Income:CREDIT CARD	
09/05/2023		MERCHANT BANKCD	MERCHANT BNKCD DES:DEPOSIT ID:266371382885 INDN:THAI KITCHEN 2 CO ID:F592126793 CCD	2,527.41		Reconciled	142,177.13	Check	7750 Credit Card Processing Fee	
09/05/2023	2074	SEA PRIVATE SEAFOOD		460.30		Reconciled	144,704.54	Check	Purchase:Sea Pirate Seafood	
09/05/2023	2073	KAM KEU MARKET		2,451.20		Reconciled	145,164.84	Check	Purchase:KAM KEU ASIAN MARKET	
09/05/2023			MERCHANT BNKCD DES:DEPOSIT ID:266371382885 INDN:THAI KITCHEN 2 CO ID:F592126793 CCD		4,766.54	Reconciled	147,616.04	Deposit	Income:CREDIT CARD	
09/05/2023			MERCHANT BNKCD DES:DEPOSIT ID:266371382885 INDN:THAI KITCHEN 2 CO ID:F592126793 CCD		2,607.23	Reconciled	142,849.50	Deposit	Income:CREDIT CARD	
09/05/2023			MERCHANT BNKCD DES:DEPOSIT ID:266371382885 INDN:THAI KITCHEN 2 CO ID:F592126793 CCD		2,485.74	Reconciled	140,242.27	Deposit	Income:CREDIT CARD	
09/01/2023			MERCHANT BNKCD DES:DEPOSIT ID:266371382885 INDN:THAI KITCHEN 2 CO ID:F592126793 CCD		2,478.33	Reconciled	137,756.53	Deposit	Income:CREDIT CARD	
09/01/2023			DoorDash, Inc. DES:Disabled A ID:ST-X7E9R8U9X6A3 INDN:COUR THAI LLC CO ID:4270465600 CCD		1,322.20	Reconciled	135,278.20	Deposit	Income:DoorDash	
09/01/2023			GRUBHUB INC DES:Aug Actvty ID:23090130X8mcd2j INDN:COUR THAI GROUP CORPOR CO ID:1261328194 CCD		828.55	Reconciled	133,956.00	Deposit	Income:GRUBHUB	
08/31/2023	2065	NJ AMERICAN WATER		876.64		Reconciled	133,127.45	Check	Utilities:Water	
08/31/2023			MERCHANT BNKCD DES:DEPOSIT ID:266371382885 INDN:THAI KITCHEN 2 CO ID:F592126793 CCD		2,360.62	Reconciled	134,004.09	Deposit	Income:CREDIT CARD	
08/30/2023			MERCHANT BNKCD DES:DEPOSIT ID:266371382885 INDN:THAI KITCHEN 2 CO ID:F592126793 CCD		1,905.07	Reconciled	131,643.47	Deposit	Income:CREDIT CARD	
08/29/2023	2071	KAM KEU MARKET		3,111.30		Reconciled	129,738.40	Check	Purchase:KAM KEU ASIAN MARKET	
08/29/2023	2069	DA THAISON		1,986.80		Reconciled	132,849.70	Check	Purchase:Da Thaison Inc	
08/29/2023	2067	VERIZON		195.14		Reconciled	134,836.50	Check	8840 Telephone	
08/29/2023			MERCHANT BNKCD DES:DEPOSIT ID:266371382885 INDN:THAI KITCHEN 2 CO ID:F592126793 CCD		1,558.95	Reconciled	135,031.64	Deposit	Income:CREDIT CARD	
08/28/2023		PAYCHEX EIB INVOICE	PAYCHEX EIB DES:INVOICE ID:X03596500002787 INDN:COUR THAI GROUP CORPOR CO ID:1161124166 CCD	146.19		Reconciled	133,472.69	Check	8460 Payroll Processing Fees	
08/28/2023		Online Banking payment to CSL 7321	Online Banking payment to CRD 7321 Confirmation# 2605117972	4,325.10		Reconciled	133,618.88	Check	3410 BOA #3563/#7321	
08/28/2023	2066	ECOLAB		357.24		Reconciled	137,943.98	Check	8870 Pest Control	
08/28/2023			MERCHANT BNKCD DES:DEPOSIT ID:266371382885 INDN:THAI KITCHEN 2 CO ID:F592126793 CCD		5,418.19	Reconciled	138,301.22	Deposit	Income:CREDIT CARD	
08/28/2023			MERCHANT BNKCD DES:DEPOSIT ID:266371382885 INDN:THAI KITCHEN 2 CO ID:F592126793 CCD		4,467.89	Reconciled	132,883.03	Deposit	Income:CREDIT CARD	
08/25/2023		PAYCHEX TPS TAXES	PAYCHEX TPS DES:TAXES ID:03590600005984X INDN:COUR THAI GROUP CORPOR CO ID:1161124166 CCD	1,540.40		Reconciled	128,415.14	Check	3140 Payroll Taxes Liabilities	
08/25/2023	2064	PSE&G		2,153.13		Reconciled	129,955.54	Check	Utilities:Gas and Electric	
08/25/2023			MERCHANT BNKCD DES:DEPOSIT ID:266371382885 INDN:THAI KITCHEN 2 CO ID:F592126793 CCD		2,309.01	Reconciled	132,108.67	Deposit	Income:CREDIT CARD	
08/25/2023			DoorDash, Inc. DES:Disabled A ID:ST-I6R0W3F6J0R9 INDN:COUR THAI LLC CO ID:4270465600 CCD		1,925.14	Reconciled	129,799.66	Deposit	Income:DoorDash	
08/25/2023			GRUBHUB INC DES:Aug Actvty ID:23082523X8mcd2j INDN:COUR THAI GROUP CORPOR CO ID:1261328194 CCD		624.02	Reconciled	127,874.52	Deposit	Income:GRUBHUB	
08/24/2023			MERCHANT BNKCD DES:DEPOSIT ID:266371382885 INDN:THAI KITCHEN 2 CO ID:F592126793 CCD		4,473.98	Reconciled	127,250.50	Deposit	Income:CREDIT CARD	
08/22/2023	2070	KAM KEU MARKET		2,490.80		Reconciled	122,776.52	Check	Purchase:KAM KEU ASIAN MARKET	
08/22/2023	2062	SEA PRIVATE SEAFOOD		606.65		Reconciled	125,267.32	Check	Purchase:Sea Pirate Seafood	
08/22/2023	2061	DA THAISON		881.50		Reconciled	125,873.97	Check	Purchase:Da Thaison Inc	
08/22/2023			MERCHANT BNKCD DES:DEPOSIT ID:266371382885 INDN:THAI KITCHEN 2 CO ID:F592126793 CCD		2,061.53	Reconciled	126,755.47	Deposit	Income:CREDIT CARD	
08/21/2023		NJ S&U WEB PMT	NJ WEB PMT 04110 DES:NJWEB04110 ID:091000015243719 INDN:COUR THAI GROUP CORPOR CO ID:7216000928 CCD PMT INFO:TXP*B843960	5,052.40		Reconciled	124,693.94	Check	3150 Sales Tax Payable	
08/21/2023			MERCHANT BNKCD DES:DEPOSIT ID:266371382885 INDN:THAI KITCHEN 2 CO ID:F592126793 CCD		4,546.22	Reconciled	129,746.34	Deposit	Income:CREDIT CARD	
08/21/2023			MERCHANT BNKCD DES:DEPOSIT ID:266371382885 INDN:THAI KITCHEN 2 CO ID:F592126793 CCD		4,336.36	Reconciled	125,200.12	Deposit	Income:CREDIT CARD	
08/18/2023			MERCHANT BNKCD DES:DEPOSIT ID:266371382885 INDN:THAI KITCHEN 2 CO ID:F592126793 CCD		2,099.95	Reconciled	120,863.76	Deposit	Income:CREDIT CARD	
08/18/2023			DoorDash, Inc. DES:Disabled A ID:ST-L4U8B9L9O3I0 INDN:COUR THAI LLC CO ID:4270465600 CCD		1,868.70	Reconciled	118,763.81	Deposit	Income:DoorDash	
08/18/2023			GRUBHUB INC DES:Aug Actvty ID:23081816X8mcd2j INDN:COUR THAI GROUP CORPOR CO ID:1261328194 CCD		654.58	Reconciled	116,895.11	Deposit	Income:GRUBHUB	
08/17/2023			MERCHANT BNKCD DES:DEPOSIT ID:266371382885 INDN:THAI KITCHEN 2 CO ID:F592126793 CCD		2,410.35	Reconciled	116,240.53	Deposit	Income:CREDIT CARD	
08/16/2023	2060	KAM KEU MARKET		2,252.05		Reconciled	113,830.18	Check	Purchase:KAM KEU ASIAN MARKET	
08/16/2023	2058	SEA PRIVATE SEAFOOD		597.80		Reconciled	116,082.23	Check	Purchase:Sea Pirate Seafood	
08/16/2023	2057	AUTO CHLOR SYSTEM		237.80		Reconciled	116,680.03	Check	8670 Dishwash expense	
08/16/2023			MERCHANT BNKCD DES:DEPOSIT ID:266371382885 INDN:THAI KITCHEN 2 CO ID:F592126793 CCD		2,157.32	Reconciled	116,917.83	Deposit	Income:CREDIT CARD	
08/15/2023		TOYOTA FINANCE	SETF WORLD OMNI DES:BILL PAY ID:17685934761 INDN:NULL NULL CO ID:7529064511 TEL	723.88		Reconciled	114,760.51	Check	7720 Car  Lease Expense	
08/15/2023	2059	DA THAISON		871.00		Reconciled	115,484.39	Check	Purchase:Da Thaison Inc	
08/15/2023			MERCHANT BNKCD DES:DEPOSIT ID:266371382885 INDN:THAI KITCHEN 2 CO ID:F592126793 CCD		2,148.74	Reconciled	116,355.39	Deposit	Income:CREDIT CARD	
08/14/2023	2052	NJ AMERICAN WATER		911.75		Reconciled	114,206.65	Check	Utilities:Water	
08/14/2023			MERCHANT BNKCD DES:DEPOSIT ID:266371382885 INDN:THAI KITCHEN 2 CO ID:F592126793 CCD		5,027.82	Reconciled	115,118.40	Deposit	Income:CREDIT CARD	
08/14/2023			MERCHANT BNKCD DES:DEPOSIT ID:266371382885 INDN:THAI KITCHEN 2 CO ID:F592126793 CCD		2,267.99	Reconciled	110,090.58	Deposit	Income:CREDIT CARD	
08/11/2023		PAYCHEX EIB INVOICE	PAYCHEX EIB DES:INVOICE ID:X03382300008582 INDN:COUR THAI GROUP CORPOR CO ID:1161124166 CCD	146.19		Reconciled	107,822.59	Check	8460 Payroll Processing Fees	
08/11/2023	5541	CHECK		856.44		Reconciled	107,968.78	Check	8400 Salaries and wages	
08/11/2023	5534	CHECK		841.55		Reconciled	108,825.22	Check	8400 Salaries and wages	
08/11/2023	5527	CHECK		940.80		Reconciled	109,666.77	Check	8400 Salaries and wages	
08/11/2023	2054	REPUBLIC SERVICE		508.74		Reconciled	110,607.57	Check	8880 Waste Management	
08/11/2023			MERCHANT BNKCD DES:DEPOSIT ID:266371382885 INDN:THAI KITCHEN 2 CO ID:F592126793 CCD		2,505.46	Reconciled	111,116.31	Deposit	Income:CREDIT CARD	
08/11/2023			GRUBHUB INC DES:Aug Actvty ID:23081109X8mcd2j INDN:COUR THAI GROUP CORPOR CO ID:1261328194 CCD		1,321.99	Reconciled	108,610.85	Deposit	Income:GRUBHUB	
08/11/2023			DoorDash, Inc. DES:Disabled A ID:ST-E2J4P4N3M4Q2 INDN:COUR THAI LLC CO ID:4270465600 CCD		1,293.09	Reconciled	107,288.86	Deposit	Income:DoorDash	
08/10/2023		PAYCHEX TPS TAXES	PAYCHEX TPS DES:TAXES ID:03376700012974X INDN:COUR THAI GROUP CORPOR CO ID:1161124166 CCD	1,690.14		Reconciled	105,995.77	Check	3140 Payroll Taxes Liabilities	
08/10/2023			MERCHANT BNKCD DES:DEPOSIT ID:266371382885 INDN:THAI KITCHEN 2 CO ID:F592126793 CCD		2,707.87	Reconciled	107,685.91	Deposit	Income:CREDIT CARD	
08/09/2023		NJ LBR CMB BILL	NJ LBR CMB BILL DES:NJWEB13001 ID:091000015136954 INDN:COUR THAI GROUP CORPOR CO ID:7216000928 CCD PMT INFO:TXP*B8439605	38.56		Reconciled	104,978.04	Check	8440 Payroll Taxes	
08/09/2023	2053	Levin Management		13,553.54		Reconciled	105,016.60	Check	Rent:Restaurant	
08/09/2023	2047	DA THAISON		1,545.50		Reconciled	118,570.14	Check	Purchase:Da Thaison Inc	
08/09/2023			MERCHANT BNKCD DES:DEPOSIT ID:266371382885 INDN:THAI KITCHEN 2 CO ID:F592126793 CCD		2,411.61	Reconciled	120,115.64	Deposit	Income:CREDIT CARD	
08/08/2023	2051	KAM KEU MARKET		2,262.80		Reconciled	117,704.03	Check	Purchase:KAM KEU ASIAN MARKET	
08/08/2023	2049	SEA PRIVATE SEAFOOD		576.90		Reconciled	119,966.83	Check	Purchase:Sea Pirate Seafood	
08/08/2023	2046	FRANKLIN MUTUAL INSURANCE		3,726.00		Reconciled	120,543.73	Check	Insurance:Work Comp	
08/08/2023			MERCHANT BNKCD DES:DEPOSIT ID:266371382885 INDN:THAI KITCHEN 2 CO ID:F592126793 CCD		1,664.16	Reconciled	124,269.73	Deposit	Income:CREDIT CARD	
08/07/2023	2056	C & S ASSOCIATES	1706+511.50	2,217.50		Reconciled	122,605.57	Check	Rent:Dormitory	
08/07/2023	2050	LAI F CHONG		15,000.00		Reconciled	124,823.07	Check	S Corp Distribution:Lai F Chong	
08/07/2023			MERCHANT BNKCD DES:DEPOSIT ID:266371382885 INDN:THAI KITCHEN 2 CO ID:F592126793 CCD		5,138.87	Reconciled	139,823.07	Deposit	Income:CREDIT CARD	
08/07/2023			MERCHANT BNKCD DES:DEPOSIT ID:266371382885 INDN:THAI KITCHEN 2 CO ID:F592126793 CCD		3,390.90	Reconciled	134,684.20	Deposit	Income:CREDIT CARD	
08/04/2023			MERCHANT BNKCD DES:DEPOSIT ID:266371382885 INDN:THAI KITCHEN 2 CO ID:F592126793 CCD		1,864.50	Reconciled	131,293.30	Deposit	Income:CREDIT CARD	
08/04/2023			DoorDash, Inc. DES:Disabled A ID:ST-D8X6K0C4R3P1 INDN:COUR THAI LLC CO ID:4270465600 CCD		1,323.73	Reconciled	129,428.80	Deposit	Income:DoorDash	
08/04/2023			GRUBHUB INC DES:Jul Actvty ID:23080401X8mcd2j INDN:COUR THAI GROUP CORPOR CO ID:1261328194 CCD		1,094.19	Reconciled	128,105.07	Deposit	Income:GRUBHUB	
08/03/2023		MERCHANT BANKCD	MERCHANT BNKCD DES:DEPOSIT ID:266371382885 INDN:THAI KITCHEN 2 CO ID:F592126793 CCD	2,724.44		Reconciled	127,010.88	Check	7750 Credit Card Processing Fee	
08/03/2023	2041	USA FIRE PROTECTION		238.00		Reconciled	129,735.32	Check	8220 Licenses and Permits	
08/03/2023			MERCHANT BNKCD DES:DEPOSIT ID:266371382885 INDN:THAI KITCHEN 2 CO ID:F592126793 CCD		2,826.07	Reconciled	129,973.32	Deposit	Income:CREDIT CARD	
08/02/2023			MERCHANT BNKCD DES:DEPOSIT ID:266371382885 INDN:THAI KITCHEN 2 CO ID:F592126793 CCD		3,500.67	Reconciled	127,147.25	Deposit	Income:CREDIT CARD	
08/01/2023	2048	KAM KEU MARKET		2,361.00		Reconciled	123,646.58	Check	Purchase:KAM KEU ASIAN MARKET	
08/01/2023	2042	VERIZON		195.40		Reconciled	126,007.58	Check	8840 Telephone	
08/01/2023			MERCHANT BNKCD DES:DEPOSIT ID:266371382885 INDN:THAI KITCHEN 2 CO ID:F592126793 CCD		2,924.82	Reconciled	126,202.98	Deposit	Income:CREDIT CARD	
07/31/2023		PAYCHEX EIB INVOICE	PAYCHEX EIB DES:INVOICE ID:X03217600049650 INDN:COUR THAI GROUP CORPOR CO ID:1161124166 CCD	149.69		Reconciled	123,278.16	Check	8460 Payroll Processing Fees	
07/31/2023	5528	CHECK		575.63		Reconciled	123,427.85	Check	8400 Salaries and wages	
07/31/2023	5521	CHECK		575.64		Reconciled	124,003.48	Check	8400 Salaries and wages	
07/31/2023	5520	CHECK		847.62		Reconciled	124,579.12	Check	8400 Salaries and wages	
07/31/2023	5514	CHECK		648.73		Reconciled	125,426.74	Check	8400 Salaries and wages	
07/31/2023	5510	CHECK		2,025.48		Reconciled	126,075.47	Check	8400 Salaries and wages	
07/31/2023	5507	CHECK		704.31		Reconciled	128,100.95	Check	8400 Salaries and wages	
07/31/2023	5503	CHECK		2,204.32		Reconciled	128,805.26	Check	8400 Salaries and wages	
07/31/2023	5494	CHECK		847.83		Reconciled	131,009.58	Check	8400 Salaries and wages	
07/31/2023			MERCHANT BNKCD DES:DEPOSIT ID:266371382885 INDN:THAI KITCHEN 2 CO ID:F592126793 CCD		5,469.83	Reconciled	131,857.41	Deposit	Income:CREDIT CARD	
07/31/2023			MERCHANT BNKCD DES:DEPOSIT ID:266371382885 INDN:THAI KITCHEN 2 CO ID:F592126793 CCD		3,734.78	Reconciled	126,387.58	Deposit	Income:CREDIT CARD	
07/28/2023		PAYCHEX TPS TAXES	PAYCHEX TPS DES:TAXES ID:03208000010147X INDN:COUR THAI GROUP CORPOR CO ID:1161124166 CCD	1,661.45		Reconciled	122,652.80	Check	3140 Payroll Taxes Liabilities	
07/28/2023			MERCHANT BNKCD DES:DEPOSIT ID:266371382885 INDN:THAI KITCHEN 2 CO ID:F592126793 CCD		2,578.54	Reconciled	124,314.25	Deposit	Income:CREDIT CARD	
07/28/2023			DoorDash, Inc. DES:Disabled A ID:ST-V8M5R1B9C9T4 INDN:COUR THAI LLC CO ID:4270465600 CCD		1,109.90	Reconciled	121,735.71	Deposit	Income:DoorDash	
07/28/2023			GRUBHUB INC DES:Jul Actvty ID:23072826X8mcd2j INDN:COUR THAI GROUP CORPOR CO ID:1261328194 CCD		701.46	Reconciled	120,625.81	Deposit	Income:GRUBHUB	
07/27/2023			MERCHANT BNKCD DES:DEPOSIT ID:266371382885 INDN:THAI KITCHEN 2 CO ID:F592126793 CCD		2,664.61	Reconciled	119,924.35	Deposit	Income:CREDIT CARD	
07/26/2023			MERCHANT BNKCD DES:DEPOSIT ID:266371382885 INDN:THAI KITCHEN 2 CO ID:F592126793 CCD		2,719.73	Reconciled	117,259.74	Deposit	Income:CREDIT CARD	
07/25/2023		Online Banking payment to CSL 7321	Online Banking payment to CRD 7321 Confirmation# 0328693228	4,101.87		Reconciled	114,540.01	Check	3410 BOA #3563/#7321	
07/25/2023	2045	SEA PRIVATE SEAFOOD		460.30		Reconciled	118,641.88	Check	Purchase:Sea Pirate Seafood	
07/25/2023	2043	KAM KEU MARKET		2,059.80		Reconciled	119,102.18	Check	Purchase:KAM KEU ASIAN MARKET	
07/25/2023			MERCHANT BNKCD DES:DEPOSIT ID:266371382885 INDN:THAI KITCHEN 2 CO ID:F592126793 CCD		1,946.26	Reconciled	121,161.98	Deposit	Income:CREDIT CARD	
07/24/2023		BCBSNJ PRIMARY	BCBSNJ Primary 1 DES:Online ID:000001552101644 INDN:CHONG, LAI CO ID:1222528269 CCD	2,682.54		Reconciled	119,215.72	Check	8150 Health Insurance	
07/24/2023	2044	DK HEATING		266.57		Reconciled	121,898.26	Check	8660 Repairs & maintenance	
07/24/2023	2040	DA THAISON		1,157.00		Reconciled	122,164.83	Check	Purchase:Da Thaison Inc	
07/24/2023	2036	DA THAISON		1,217.00		Reconciled	123,321.83	Check	Purchase:Da Thaison Inc	
07/24/2023			MERCHANT BNKCD DES:DEPOSIT ID:266371382885 INDN:THAI KITCHEN 2 CO ID:F592126793 CCD		4,903.36	Reconciled	124,538.83	Deposit	Income:CREDIT CARD	
07/24/2023			MERCHANT BNKCD DES:DEPOSIT ID:266371382885 INDN:THAI KITCHEN 2 CO ID:F592126793 CCD		3,255.70	Reconciled	119,635.47	Deposit	Income:CREDIT CARD	
07/21/2023	2037	AUTO CHLOR SYSTEM		242.17		Reconciled	116,379.77	Check	8670 Dishwash expense	
07/21/2023			MERCHANT BNKCD DES:DEPOSIT ID:266371382885 INDN:THAI KITCHEN 2 CO ID:F592126793 CCD		3,109.97	Reconciled	116,621.94	Deposit	Income:CREDIT CARD	
07/21/2023			DoorDash, Inc. DES:Disabled A ID:ST-S1T7H9Z4Q8G9 INDN:COUR THAI LLC CO ID:4270465600 CCD		1,088.82	Reconciled	113,511.97	Deposit	Income:DoorDash	
07/21/2023			GRUBHUB INC DES:Jul Actvty ID:23072119X8mcd2j INDN:COUR THAI GROUP CORPOR CO ID:1261328194 CCD		508.98	Reconciled	112,423.15	Deposit	Income:GRUBHUB	
07/20/2023		NJ S&U WEB PMT	NJ S&U WEB PMT DES:NJWEB55 ID:091000014896835 INDN:COUR THAI GROUP CORPOR CO ID:7216000928 CCD PMT INFO:TXP*B8439605	5,574.97		Reconciled	111,914.17	Check	6030 Sales Tax  Adjustment	
07/20/2023			MERCHANT BNKCD DES:DEPOSIT ID:266371382885 INDN:THAI KITCHEN 2 CO ID:F592126793 CCD		2,917.20	Reconciled	117,489.14	Deposit	Income:CREDIT CARD	
07/19/2023	2033	SEA PRIVATE SEAFOOD		651.45		Reconciled	114,571.94	Check	Purchase:Sea Pirate Seafood	
07/19/2023			MERCHANT BNKCD DES:DEPOSIT ID:266371382885 INDN:THAI KITCHEN 2 CO ID:F592126793 CCD		2,227.22	Reconciled	115,223.39	Deposit	Income:CREDIT CARD	
07/18/2023	2039	KAM KEU MARKET		2,314.65		Reconciled	112,996.17	Check	Purchase:KAM KEU ASIAN MARKET	
07/18/2023			MERCHANT BNKCD DES:DEPOSIT ID:266371382885 INDN:THAI KITCHEN 2 CO ID:F592126793 CCD		2,522.52	Reconciled	115,310.82	Deposit	Income:CREDIT CARD	
07/17/2023		TOYOTA FINANCE	SETF WORLD OMNI DES:BILL PAY ID:17593497011 INDN:NULL NULL CO ID:7529064511 TEL	723.88		Reconciled	112,788.30	Check	7720 Car  Lease Expense	
07/17/2023	2038	LAI F CHONG		7,000.00		Reconciled	113,512.18	Check	Purchase:Cash Purchase	
07/17/2023	2025	ECOLAB		357.24		Reconciled	120,512.18	Check	8870 Pest Control	
07/17/2023			MERCHANT BNKCD DES:DEPOSIT ID:266371382885 INDN:THAI KITCHEN 2 CO ID:F592126793 CCD		5,711.23	Reconciled	120,869.42	Deposit	Income:CREDIT CARD	
07/17/2023			MERCHANT BNKCD DES:DEPOSIT ID:266371382885 INDN:THAI KITCHEN 2 CO ID:F592126793 CCD		3,385.22	Reconciled	115,158.19	Deposit	Income:CREDIT CARD	
07/14/2023		PAYCHEX EIB INVOICE	PAYCHEX EIB DES:INVOICE ID:X03020000005441 INDN:COUR THAI GROUP CORPOR CO ID:1161124166 CCD	162.44		Reconciled	111,772.97	Check	8460 Payroll Processing Fees	
07/14/2023	2034	PSE&G		1,991.92		Reconciled	111,935.41	Check	Utilities:Gas and Electric	
07/14/2023			MERCHANT BNKCD DES:DEPOSIT ID:266371382885 INDN:THAI KITCHEN 2 CO ID:F592126793 CCD		2,210.83	Reconciled	113,927.33	Deposit	Income:CREDIT CARD	
07/14/2023			DoorDash, Inc. DES:Disabled A ID:ST-Y9U7W4P1Q5W1 INDN:COUR THAI LLC CO ID:4270465600 CCD		1,688.70	Reconciled	111,716.50	Deposit	Income:DoorDash	
07/14/2023			GRUBHUB INC DES:Jul Actvty ID:23071412X8mcd2j INDN:COUR THAI GROUP CORPOR CO ID:1261328194 CCD		531.40	Reconciled	110,027.80	Deposit	Income:GRUBHUB	
07/13/2023		PAYCHEX TPS TAXES	PAYCHEX TPS DES:TAXES ID:03014500018498X INDN:COUR THAI GROUP CORPOR CO ID:1161124166 CCD	1,601.45		Reconciled	109,496.40	Check	3140 Payroll Taxes Liabilities	
07/13/2023	2035	KAM KEU MARKET		1,302.90		Reconciled	111,097.85	Check	Purchase:KAM KEU ASIAN MARKET	
07/13/2023			MERCHANT BNKCD DES:DEPOSIT ID:266371382885 INDN:THAI KITCHEN 2 CO ID:F592126793 CCD		1,927.74	Reconciled	112,400.75	Deposit	Income:CREDIT CARD	
07/12/2023	2032	C & S ASSOCIATES		1,365.00		Reconciled	110,473.01	Check	Rent:Dormitory	
07/12/2023			MERCHANT BNKCD DES:DEPOSIT ID:266371382885 INDN:THAI KITCHEN 2 CO ID:F592126793 CCD		2,376.48	Reconciled	111,838.01	Deposit	Income:CREDIT CARD	
07/11/2023	5517	CHECK		720.00		Reconciled	109,461.53	Check	8400 Salaries and wages	
07/11/2023	5511	CHECK		720.01		Reconciled	110,181.53	Check	8400 Salaries and wages	
07/11/2023	5504	CHECK		720.00		Reconciled	110,901.54	Check	8400 Salaries and wages	
07/11/2023	5490	CHECK		2,429.09		Reconciled	111,621.54	Check	8400 Salaries and wages	
07/11/2023	2030	VERIZON		191.81		Reconciled	114,050.63	Check	8840 Telephone	
07/11/2023	2029	KAM KEU MARKET		2,053.55		Reconciled	114,242.44	Check	Purchase:KAM KEU ASIAN MARKET	
07/11/2023			MERCHANT BNKCD DES:DEPOSIT ID:266371382885 INDN:THAI KITCHEN 2 CO ID:F592126793 CCD		1,777.73	Reconciled	116,295.99	Deposit	Income:CREDIT CARD	
07/10/2023	5508	CHECK		579.28		Reconciled	114,518.26	Check	8400 Salaries and wages	
07/10/2023	5495	CHECK		579.28		Reconciled	115,097.54	Check	8400 Salaries and wages	
07/10/2023	5477	CHECK		2,465.45		Reconciled	115,676.82	Check	8400 Salaries and wages	
07/10/2023	2031	Levin Management		13,553.54		Reconciled	118,142.27	Check	Rent:Restaurant	
07/10/2023	2027	DA THAISON		1,722.50		Reconciled	131,695.81	Check	Purchase:Da Thaison Inc	
07/10/2023			MERCHANT BNKCD DES:DEPOSIT ID:266371382885 INDN:THAI KITCHEN 2 CO ID:F592126793 CCD		5,838.35	Reconciled	133,418.31	Deposit	Income:CREDIT CARD	
07/10/2023			MERCHANT BNKCD DES:DEPOSIT ID:266371382885 INDN:THAI KITCHEN 2 CO ID:F592126793 CCD		3,527.93	Reconciled	127,579.96	Deposit	Income:CREDIT CARD	
07/07/2023			MERCHANT BNKCD DES:DEPOSIT ID:266371382885 INDN:THAI KITCHEN 2 CO ID:F592126793 CCD		2,849.08	Reconciled	124,052.03	Deposit	Income:CREDIT CARD	
07/07/2023			DoorDash, Inc. DES:Disabled A ID:ST-L0O6X1Y3H3Q5 INDN:COUR THAI LLC CO ID:4270465600 CCD		1,344.43	Reconciled	121,202.95	Deposit	Income:DoorDash	
07/07/2023			GRUBHUB INC DES:Jun Actvty ID:23070701X8mcd2j INDN:COUR THAI GROUP CORPOR CO ID:1261328194 CCD		173.54	Reconciled	119,858.52	Deposit	Income:GRUBHUB	
07/07/2023			GRUBHUB INC DES:Jul Actvty ID:23070705X8mcd2j INDN:COUR THAI GROUP CORPOR CO ID:1261328194 CCD		152.40	Reconciled	119,684.98	Deposit	Income:GRUBHUB	
07/06/2023			MERCHANT BNKCD DES:DEPOSIT ID:266371382885 INDN:THAI KITCHEN 2 CO ID:F592126793 CCD		2,276.14	Reconciled	119,532.58	Deposit	Income:CREDIT CARD	
07/05/2023	2020	SEA PRIVATE SEAFOOD		649.50		Reconciled	117,256.44	Check	Purchase:Sea Pirate Seafood	
07/05/2023			MERCHANT BNKCD DES:DEPOSIT ID:266371382885 INDN:THAI KITCHEN 2 CO ID:F592126793 CCD		3,433.01	Reconciled	117,905.94	Deposit	Income:CREDIT CARD	
07/03/2023		MERCHANT BANKCD	MERCHANT BNKCD DES:DEPOSIT ID:266371382885 INDN:THAI KITCHEN 2 CO ID:F592126793 CCD	2,708.53		Reconciled	114,472.93	Check	7750 Credit Card Processing Fee	
07/03/2023	5515	CHECK		575.63		Reconciled	117,181.46	Check	8400 Salaries and wages	
07/03/2023	5509	CHECK		575.64		Reconciled	117,757.09	Check	8400 Salaries and wages	
07/03/2023	5502	CHECK		575.63		Reconciled	118,332.73	Check	8400 Salaries and wages	
07/03/2023	5480	CHECK		487.24		Reconciled	118,908.36	Check	8400 Salaries and wages	
07/03/2023	5479	CHECK		631.90		Reconciled	119,395.60	Check	8400 Salaries and wages	
07/03/2023	5473	CHECK		487.24		Reconciled	120,027.50	Check	8400 Salaries and wages	
07/03/2023	5472	CHECK		631.90		Reconciled	120,514.74	Check	8400 Salaries and wages	
07/03/2023	2028	LAI F CHONG		12,000.00		Reconciled	121,146.64	Check	S Corp Distribution:Lai F Chong	
07/03/2023	2017	NJ AMERICAN WATER		744.88		Reconciled	133,146.64	Check	Utilities:Water	
07/03/2023			MERCHANT BNKCD DES:DEPOSIT ID:266371382885 INDN:THAI KITCHEN 2 CO ID:F592126793 CCD		3,789.89	Reconciled	133,891.52	Deposit	Income:CREDIT CARD	
07/03/2023			MERCHANT BNKCD DES:DEPOSIT ID:266371382885 INDN:THAI KITCHEN 2 CO ID:F592126793 CCD		1,923.29	Reconciled	130,101.63	Deposit	Income:CREDIT CARD	
06/30/2023		PAYCHEX TPS TAXES	PAYCHEX TPS DES:TAXES ID:02849900032759X INDN:COUR THAI GROUP CORPOR CO ID:1161124166 CCD	2,110.61		Reconciled	128,178.34	Check	3140 Payroll Taxes Liabilities	
06/30/2023		PAYCHEX EIB INVOICE	PAYCHEX EIB DES:INVOICE ID:X02856900008345 INDN:COUR THAI GROUP CORPOR CO ID:1161124166 CCD	140.49		Reconciled	130,288.95	Check	8460 Payroll Processing Fees	
06/30/2023	2024	BRIDGEWATER TOWNSHIP		50.00		Reconciled	130,429.44	Check	8220 Licenses and Permits	
06/30/2023	1985	BRIDGEWATER TOWNSHIP		200.00		Reconciled	130,479.44	Check	8220 Licenses and Permits	
06/30/2023			MERCHANT BNKCD DES:DEPOSIT ID:266371382885 INDN:THAI KITCHEN 2 CO ID:F592126793 CCD		3,693.42	Reconciled	130,679.44	Deposit	Income:CREDIT CARD	
06/30/2023			DoorDash, Inc. DES:Disabled A ID:ST-M5U0C3A0G1H2 INDN:COUR THAI LLC CO ID:4270465600 CCD		1,691.54	Reconciled	126,986.02	Deposit	Income:DoorDash	
06/30/2023			GRUBHUB INC DES:Jun Actvty ID:23063028X8mcd2j INDN:COUR THAI GROUP CORPOR CO ID:1261328194 CCD		999.24	Reconciled	125,294.48	Deposit	Income:GRUBHUB	
06/29/2023			MERCHANT BNKCD DES:DEPOSIT ID:266371382885 INDN:THAI KITCHEN 2 CO ID:F592126793 CCD		3,634.63	Reconciled	124,295.24	Deposit	Income:CREDIT CARD	
06/28/2023	2021	DA THAISON		900.50		Reconciled	120,660.61	Check	Purchase:Da Thaison Inc	
06/28/2023			MERCHANT BNKCD DES:DEPOSIT ID:266371382885 INDN:THAI KITCHEN 2 CO ID:F592126793 CCD		2,147.47	Reconciled	121,561.11	Deposit	Income:CREDIT CARD	
06/27/2023		Online Banking payment to CSL 7321	Online Banking payment to CRD 7321 Confirmation# 3086907530	4,522.90		Reconciled	119,413.64	Check	3410 BOA #3563/#7321	
06/27/2023	2022	KAM KEU MARKET		2,255.75		Reconciled	123,936.54	Check	Purchase:KAM KEU ASIAN MARKET	
06/27/2023			MERCHANT BNKCD DES:DEPOSIT ID:266371382885 INDN:THAI KITCHEN 2 CO ID:F592126793 CCD		1,865.95	Reconciled	126,192.29	Deposit	Income:CREDIT CARD	
06/26/2023			MERCHANT BNKCD DES:DEPOSIT ID:266371382885 INDN:THAI KITCHEN 2 CO ID:F592126793 CCD		5,072.22	Reconciled	124,326.34	Deposit	Income:CREDIT CARD	
06/26/2023			MERCHANT BNKCD DES:DEPOSIT ID:266371382885 INDN:THAI KITCHEN 2 CO ID:F592126793 CCD		4,327.40	Reconciled	119,254.12	Deposit	Income:CREDIT CARD	
06/26/2023			MERCHANT BNKCD DES:DEPOSIT ID:266371382885 INDN:THAI KITCHEN 2 CO ID:F592126793 CCD		32.95	Reconciled	114,926.72	Deposit	Income:CREDIT CARD	
06/23/2023	2016	DA THAISON		928.00		Reconciled	114,893.77	Check	Purchase:Da Thaison Inc	
06/23/2023	2013	FRANKLIN MUTUAL INSURANCE		5,200.00		Reconciled	115,821.77	Check	Insurance:Liability Insurance	
06/23/2023			MERCHANT BNKCD DES:DEPOSIT ID:266371382885 INDN:THAI KITCHEN 2 CO ID:F592126793 CCD		3,481.35	Reconciled	121,021.77	Deposit	Income:CREDIT CARD	
06/23/2023			DoorDash, Inc. DES:Disabled A ID:ST-J3I8M1S2F7B6 INDN:COUR THAI LLC CO ID:4270465600 CCD		2,156.19	Reconciled	117,540.42	Deposit	Income:DoorDash	
06/23/2023			GRUBHUB INC DES:Jun Actvty ID:23062321X8mcd2j INDN:COUR THAI GROUP CORPOR CO ID:1261328194 CCD		670.13	Reconciled	115,384.23	Deposit	Income:GRUBHUB	
06/22/2023			MERCHANT BNKCD DES:DEPOSIT ID:266371382885 INDN:THAI KITCHEN 2 CO ID:F592126793 CCD		3,083.53	Reconciled	114,714.10	Deposit	Income:CREDIT CARD	
06/21/2023	2015	OCEAN PLASTIC PACKAGING TRADING INC		1,229.00		Reconciled	111,630.57	Check	Purchase:OCEAN PLASTIC PACKAGING TRADING	
06/21/2023			MERCHANT BNKCD DES:DEPOSIT ID:266371382885 INDN:THAI KITCHEN 2 CO ID:F592126793 CCD		2,163.43	Reconciled	112,859.57	Deposit	Income:CREDIT CARD	
06/20/2023		NJ S&U WEB PMT	NJ WEB PMT 04110 DES:NJWEB04110 ID:091000014669471 INDN:COUR THAI GROUP CORPOR CO ID:7216000928 CCD PMT INFO:TXP*B843960	5,825.88		Reconciled	110,696.14	Check	6030 Sales Tax  Adjustment	
06/20/2023	2019	KAM KEU MARKET		2,559.75		Reconciled	116,522.02	Check	Purchase:KAM KEU ASIAN MARKET	
06/20/2023	2018	LAI F CHONG		20,000.00		Reconciled	119,081.77	Check	S Corp Distribution:Lai F Chong	
06/20/2023	2014	HORIZON		1,341.27		Reconciled	139,081.77	Check	8150 Health Insurance	
06/20/2023	2012	PSE&G		1,752.17		Reconciled	140,423.04	Check	Utilities:Gas and Electric	
06/20/2023			MERCHANT BNKCD DES:DEPOSIT ID:266371382885 INDN:THAI KITCHEN 2 CO ID:F592126793 CCD		6,994.64	Reconciled	142,175.21	Deposit	Income:CREDIT CARD	
06/20/2023			MERCHANT BNKCD DES:DEPOSIT ID:266371382885 INDN:THAI KITCHEN 2 CO ID:F592126793 CCD		4,456.94	Reconciled	135,180.57	Deposit	Income:CREDIT CARD	
06/20/2023			MERCHANT BNKCD DES:DEPOSIT ID:266371382885 INDN:THAI KITCHEN 2 CO ID:F592126793 CCD		2,307.56	Reconciled	130,723.63	Deposit	Income:CREDIT CARD	
06/16/2023		PAYCHEX TPS TAXES	PAYCHEX TPS DES:TAXES ID:02678700025393X INDN:COUR THAI GROUP CORPOR CO ID:1161124166 CCD	1,694.77		Reconciled	128,416.07	Check	3140 Payroll Taxes Liabilities	
06/16/2023		TOYOTA FINANCE	SETF WORLD OMNI DES:BILL PAY ID:18987282931 INDN:NULL NULL CO ID:7529064511 TEL	723.88		Reconciled	130,110.84	Check	7720 Car  Lease Expense	
06/16/2023		PAYCHEX EIB INVOICE	PAYCHEX EIB DES:INVOICE ID:X02684700022575 INDN:COUR THAI GROUP CORPOR CO ID:1161124166 CCD	140.49		Reconciled	130,834.72	Check	8460 Payroll Processing Fees	
06/16/2023	2011	VERIZON		182.71		Reconciled	130,975.21	Check	8840 Telephone	
06/16/2023			MERCHANT BNKCD DES:DEPOSIT ID:266371382885 INDN:THAI KITCHEN 2 CO ID:F592126793 CCD		2,932.27	Reconciled	131,157.92	Deposit	Income:CREDIT CARD	
06/16/2023			DoorDash, Inc. DES:Disabled A ID:ST-G8V0D1J2L6Z9 INDN:COUR THAI LLC CO ID:4270465600 CCD		1,965.75	Reconciled	128,225.65	Deposit	Income:DoorDash	
06/16/2023			GRUBHUB INC DES:Jun Actvty ID:23061614X8mcd2j INDN:COUR THAI GROUP CORPOR CO ID:1261328194 CCD		397.78	Reconciled	126,259.90	Deposit	Income:GRUBHUB	
06/15/2023	2010	AUTO CHLOR SYSTEM		269.04		Reconciled	125,862.12	Check	8670 Dishwash expense	
06/15/2023			MERCHANT BNKCD DES:DEPOSIT ID:266371382885 INDN:THAI KITCHEN 2 CO ID:F592126793 CCD		2,072.75	Reconciled	126,131.16	Deposit	Income:CREDIT CARD	
06/14/2023	2008	SEA PRIVATE SEAFOOD		960.10		Reconciled	124,058.41	Check	Purchase:Sea Pirate Seafood	
06/14/2023			MERCHANT BNKCD DES:DEPOSIT ID:266371382885 INDN:THAI KITCHEN 2 CO ID:F592126793 CCD		2,446.78	Reconciled	125,018.51	Deposit	Income:CREDIT CARD	
06/13/2023	5489	CHECK		579.29		Reconciled	122,571.73	Check	8400 Salaries and wages	
06/13/2023	5484	CHECK		1,963.55		Reconciled	123,151.02	Check	8400 Salaries and wages	
06/13/2023	5482	CHECK		579.28		Reconciled	125,114.57	Check	8400 Salaries and wages	
06/13/2023	5468	CHECK		579.28		Reconciled	125,693.85	Check	8400 Salaries and wages	
06/13/2023	2009	KAM KEU MARKET		2,053.15		Reconciled	126,273.13	Check	Purchase:KAM KEU ASIAN MARKET	
06/13/2023	2004	Levin Management		13,553.54		Reconciled	128,326.28	Check	Rent:Restaurant	
06/13/2023			MERCHANT BNKCD DES:DEPOSIT ID:266371382885 INDN:THAI KITCHEN 2 CO ID:F592126793 CCD		1,978.86	Reconciled	141,879.82	Deposit	Income:CREDIT CARD	
06/12/2023	2007	DA THAISON		979.00		Reconciled	139,900.96	Check	Purchase:Da Thaison Inc	
06/12/2023			MERCHANT BNKCD DES:DEPOSIT ID:266371382885 INDN:THAI KITCHEN 2 CO ID:F592126793 CCD		4,739.03	Reconciled	140,879.96	Deposit	Income:CREDIT CARD	
06/12/2023			MERCHANT BNKCD DES:DEPOSIT ID:266371382885 INDN:THAI KITCHEN 2 CO ID:F592126793 CCD		3,019.08	Reconciled	136,140.93	Deposit	Income:CREDIT CARD	
06/09/2023			MERCHANT BNKCD DES:DEPOSIT ID:266371382885 INDN:THAI KITCHEN 2 CO ID:F592126793 CCD		2,574.29	Reconciled	133,121.85	Deposit	Income:CREDIT CARD	
06/09/2023			DoorDash, Inc. DES:Disabled A ID:ST-X9I5S8D9R1H9 INDN:COUR THAI LLC CO ID:4270465600 CCD		1,845.64	Reconciled	130,547.56	Deposit	Income:DoorDash	
06/09/2023			GRUBHUB INC DES:Jun Actvty ID:23060907X8mcd2j INDN:COUR THAI GROUP CORPOR CO ID:1261328194 CCD		284.69	Reconciled	128,701.92	Deposit	Income:GRUBHUB	
06/08/2023	2006	KAM KEU MARKET		2,343.10		Reconciled	128,417.23	Check	Purchase:KAM KEU ASIAN MARKET	
06/08/2023	2005	C & S ASSOCIATES		1,365.00		Reconciled	130,760.33	Check	Rent:Dormitory	
06/08/2023			MERCHANT BNKCD DES:DEPOSIT ID:266371382885 INDN:THAI KITCHEN 2 CO ID:F592126793 CCD		4,216.69	Reconciled	132,125.33	Deposit	Income:CREDIT CARD	
06/06/2023			MERCHANT BNKCD DES:DEPOSIT ID:266371382885 INDN:THAI KITCHEN 2 CO ID:F592126793 CCD		2,012.96	Reconciled	127,908.64	Deposit	Income:CREDIT CARD	
06/05/2023		MERCHANT BANKCD	MERCHANT BNKCD DES:DEPOSIT ID:266371382885 INDN:THAI KITCHEN 2 CO ID:F592126793 CCD	2,792.65		Reconciled	125,895.68	Check	7750 Credit Card Processing Fee	
06/05/2023		MERCHANT BANKCD	MERCHANT BNKCD DES:DEPOSIT ID:266371382885 INDN:THAI KITCHEN 2 CO ID:F592126793 CCD	32.95		Reconciled	128,688.33	Check	Income:CREDIT CARD	
06/05/2023			MERCHANT BNKCD DES:DEPOSIT ID:266371382885 INDN:THAI KITCHEN 2 CO ID:F592126793 CCD		5,296.97	Reconciled	128,721.28	Deposit	Income:CREDIT CARD	
06/05/2023			MERCHANT BNKCD DES:DEPOSIT ID:266371382885 INDN:THAI KITCHEN 2 CO ID:F592126793 CCD		3,795.01	Reconciled	123,424.31	Deposit	Income:CREDIT CARD	
06/02/2023		PAYCHEX TPS TAXES	PAYCHEX TPS DES:TAXES ID:02502600026050X INDN:COUR THAI GROUP CORPOR CO ID:1161124166 CCD	1,996.59		Reconciled	119,629.30	Check	3140 Payroll Taxes Liabilities	
06/02/2023		PAYCHEX EIB INVOICE	PAYCHEX EIB DES:INVOICE ID:X02510200027146 INDN:COUR THAI GROUP CORPOR CO ID:1161124166 CCD	146.02		Reconciled	121,625.89	Check	8460 Payroll Processing Fees	
06/02/2023	2003	CHONG AH WAH		5,300.00		Reconciled	121,771.91	Check	S Corp Distribution:Lai F Chong	
06/02/2023	2001	DA THAISON		1,217.30		Reconciled	127,071.91	Check	Purchase:Da Thaison Inc	
06/02/2023	1994	DA THAISON		1,164.50		Reconciled	128,289.21	Check	Purchase:Da Thaison Inc	
06/02/2023			MERCHANT BNKCD DES:DEPOSIT ID:266371382885 INDN:THAI KITCHEN 2 CO ID:F592126793 CCD		2,352.13	Reconciled	129,453.71	Deposit	Income:CREDIT CARD	
06/02/2023			DoorDash, Inc. DES:Disabled A ID:ST-T2K4H1H2G3E6 INDN:COUR THAI LLC CO ID:4270465600 CCD		2,101.27	Reconciled	127,101.58	Deposit	Income:DoorDash	
06/02/2023			GRUBHUB INC DES:May Actvty ID:23060231X8mcd2j INDN:COUR THAI GROUP CORPOR CO ID:1261328194 CCD		769.41	Reconciled	125,000.31	Deposit	Income:GRUBHUB	
06/02/2023			GRUBHUB INC DES:May Actvty ID:23060201X8mcd2j INDN:COUR THAI GROUP CORPOR CO ID:1261328194 CCD		227.72	Reconciled	124,230.90	Deposit	Income:GRUBHUB	
06/01/2023	2000	SEA PRIVATE SEAFOOD		674.10		Reconciled	124,003.18	Check	Purchase:Sea Pirate Seafood	
06/01/2023	1997	NJ AMERICAN WATER		628.23		Reconciled	124,677.28	Check	Utilities:Water	
06/01/2023			MERCHANT BNKCD DES:DEPOSIT ID:266371382885 INDN:THAI KITCHEN 2 CO ID:F592126793 CCD		2,014.17	Reconciled	125,305.51	Deposit	Income:CREDIT CARD	
05/31/2023			MERCHANT BNKCD DES:DEPOSIT ID:266371382885 INDN:THAI KITCHEN 2 CO ID:F592126793 CCD		1,680.45	Reconciled	123,291.34	Deposit	Income:CREDIT CARD	
05/30/2023		Online Banking payment to CSL 7321	Online Banking payment to CRD 7321 Confirmation# 0244899614	5,419.92		Reconciled	121,610.89	Check	3410 BOA #3563/#7321	
05/30/2023	2002	KAM KEU MARKET		2,225.78		Reconciled	127,030.81	Check	Purchase:KAM KEU ASIAN MARKET	
05/30/2023	1998	REPUBLIC SERVICE		214.12		Reconciled	129,256.59	Check	8880 Waste Management	
05/30/2023			MERCHANT BNKCD DES:DEPOSIT ID:266371382885 INDN:THAI KITCHEN 2 CO ID:F592126793 CCD		4,025.66	Reconciled	129,470.71	Deposit	Income:CREDIT CARD	
05/30/2023			MERCHANT BNKCD DES:DEPOSIT ID:266371382885 INDN:THAI KITCHEN 2 CO ID:F592126793 CCD		3,525.73	Reconciled	125,445.05	Deposit	Income:CREDIT CARD	
05/30/2023			MERCHANT BNKCD DES:DEPOSIT ID:266371382885 INDN:THAI KITCHEN 2 CO ID:F592126793 CCD		2,651.32	Reconciled	121,919.32	Deposit	Income:CREDIT CARD	
05/26/2023	1996	PSE&G		1,780.43		Reconciled	119,268.00	Check	Utilities:Gas and Electric	
05/26/2023			MERCHANT BNKCD DES:DEPOSIT ID:266371382885 INDN:THAI KITCHEN 2 CO ID:F592126793 CCD		3,106.83	Reconciled	121,048.43	Deposit	Income:CREDIT CARD	
05/26/2023			DoorDash, Inc. DES:Disabled A ID:ST-N2V5V1E9D3U4 INDN:COUR THAI LLC CO ID:4270465600 CCD		2,308.47	Reconciled	117,941.60	Deposit	Income:DoorDash	
05/26/2023			GRUBHUB INC DES:May Actvty ID:23052624X8mcd2j INDN:COUR THAI GROUP CORPOR CO ID:1261328194 CCD		819.95	Reconciled	115,633.13	Deposit	Income:GRUBHUB	
05/25/2023			MERCHANT BNKCD DES:DEPOSIT ID:266371382885 INDN:THAI KITCHEN 2 CO ID:F592126793 CCD		3,017.65	Reconciled	114,813.18	Deposit	Income:CREDIT CARD	
05/24/2023			MERCHANT BNKCD DES:DEPOSIT ID:266371382885 INDN:THAI KITCHEN 2 CO ID:F592126793 CCD		1,767.94	Reconciled	111,795.53	Deposit	Income:CREDIT CARD	
05/23/2023	1995	KAM KEU MARKET		2,709.60		Reconciled	110,027.59	Check	Purchase:KAM KEU ASIAN MARKET	
05/23/2023	1991	AUTO CHLOR SYSTEM		246.13		Reconciled	112,737.19	Check	8670 Dishwash expense	
05/23/2023			MERCHANT BNKCD DES:DEPOSIT ID:266371382885 INDN:THAI KITCHEN 2 CO ID:F592126793 CCD		1,876.15	Reconciled	112,983.32	Deposit	Income:CREDIT CARD	
05/22/2023		NJ S&U WEB PMT	NJ WEB PMT 04110 DES:NJWEB04110 ID:091000014409340 INDN:COUR THAI GROUP CORPOR CO ID:7216000928 CCD PMT INFO:TXP*B843960	5,603.48		Reconciled	111,107.17	Check	6030 Sales Tax  Adjustment	
05/22/2023	5488	CHECK		616.65		Reconciled	116,710.65	Check	8400 Salaries and wages	
05/22/2023	5481	CHECK		683.93		Reconciled	117,327.30	Check	8400 Salaries and wages	
05/22/2023	5474	CHECK		745.70		Reconciled	118,011.23	Check	8400 Salaries and wages	
05/22/2023	5467	CHECK		863.95		Reconciled	118,756.93	Check	8400 Salaries and wages	
05/22/2023	1999	LAI F CHONG		7,000.00		Reconciled	119,620.88	Check	Purchase:Cash Purchase	
05/22/2023			MERCHANT BNKCD DES:DEPOSIT ID:266371382885 INDN:THAI KITCHEN 2 CO ID:F592126793 CCD		6,307.36	Reconciled	126,620.88	Deposit	Income:CREDIT CARD	
05/22/2023			MERCHANT BNKCD DES:DEPOSIT ID:266371382885 INDN:THAI KITCHEN 2 CO ID:F592126793 CCD		3,503.76	Reconciled	120,313.52	Deposit	Income:CREDIT CARD	
05/19/2023		PAYCHEX TPS TAXES	PAYCHEX TPS DES:TAXES ID:02344200008971X INDN:COUR THAI GROUP CORPOR CO ID:1161124166 CCD	2,051.52		Reconciled	116,809.76	Check	3140 Payroll Taxes Liabilities	
05/19/2023		PAYCHEX EIB INVOICE	PAYCHEX EIB DES:INVOICE ID:X02346200001790 INDN:COUR THAI GROUP CORPOR CO ID:1161124166 CCD	136.20		Reconciled	118,861.28	Check	8460 Payroll Processing Fees	
05/19/2023			MERCHANT BNKCD DES:DEPOSIT ID:266371382885 INDN:THAI KITCHEN 2 CO ID:F592126793 CCD		3,387.43	Reconciled	118,997.48	Deposit	Income:CREDIT CARD	
05/19/2023			DoorDash, Inc. DES:Disabled A ID:ST-U2N9R5U7I1S5 INDN:COUR THAI LLC CO ID:4270465600 CCD		2,902.38	Reconciled	115,610.05	Deposit	Income:DoorDash	
05/19/2023			GRUBHUB INC DES:May Actvty ID:23051917X8mcd2j INDN:COUR THAI GROUP CORPOR CO ID:1261328194 CCD		635.02	Reconciled	112,707.67	Deposit	Income:GRUBHUB	
05/18/2023			MERCHANT BNKCD DES:DEPOSIT ID:266371382885 INDN:THAI KITCHEN 2 CO ID:F592126793 CCD		3,244.86	Reconciled	112,072.65	Deposit	Income:CREDIT CARD	
05/17/2023		TOYOTA FINANCE	SETF WORLD OMNI DES:BILL PAY ID:18930528221 INDN:NULL NULL CO ID:7529064511 TEL	723.88		Reconciled	108,827.79	Check	7720 Car  Lease Expense	
05/17/2023	1990	DA THAISON		1,878.00		Reconciled	109,551.67	Check	Purchase:Da Thaison Inc	
05/17/2023			MERCHANT BNKCD DES:DEPOSIT ID:266371382885 INDN:THAI KITCHEN 2 CO ID:F592126793 CCD		2,026.58	Reconciled	111,429.67	Deposit	Income:CREDIT CARD	
05/16/2023	5466	CHECK		487.24		Reconciled	109,403.09	Check	8400 Salaries and wages	
05/16/2023	5465	CHECK		631.90		Reconciled	109,890.33	Check	8400 Salaries and wages	
05/16/2023	1993	KAM KEU MARKET		2,653.90		Reconciled	110,522.23	Check	Purchase:KAM KEU ASIAN MARKET	
05/16/2023	1992	SEA PRIVATE SEAFOOD		1,014.30		Reconciled	113,176.13	Check	Purchase:Sea Pirate Seafood	
05/16/2023			MERCHANT BNKCD DES:DEPOSIT ID:266371382885 INDN:THAI KITCHEN 2 CO ID:F592126793 CCD		2,327.16	Reconciled	114,190.43	Deposit	Income:CREDIT CARD	
05/15/2023	5491	CHECK		720.00		Reconciled	111,863.27	Check	8400 Salaries and wages	
05/15/2023	5485	CHECK		720.01		Reconciled	112,583.27	Check	8400 Salaries and wages	
05/15/2023	5470	CHECK		2,539.23		Reconciled	113,303.28	Check	8400 Salaries and wages	
05/15/2023			MERCHANT BNKCD DES:DEPOSIT ID:266371382885 INDN:THAI KITCHEN 2 CO ID:F592126793 CCD		9,591.28	Reconciled	115,842.51	Deposit	Income:CREDIT CARD	
05/15/2023			MERCHANT BNKCD DES:DEPOSIT ID:266371382885 INDN:THAI KITCHEN 2 CO ID:F592126793 CCD		3,997.20	Reconciled	106,251.23	Deposit	Income:CREDIT CARD	
05/12/2023	5459	CHECK		487.24		Reconciled	102,254.03	Check	8400 Salaries and wages	
05/12/2023	5458	CHECK		631.90		Reconciled	102,741.27	Check	8400 Salaries and wages	
05/12/2023	1983	C & S ASSOCIATES		1,365.00		Reconciled	103,373.17	Check	Rent:Dormitory	
05/12/2023			MERCHANT BNKCD DES:DEPOSIT ID:266371382885 INDN:THAI KITCHEN 2 CO ID:F592126793 CCD		2,336.45	Reconciled	104,738.17	Deposit	Income:CREDIT CARD	
05/12/2023			DoorDash, Inc. DES:Disabled A ID:ST-W8Z2W6N6W4W7 INDN:COUR THAI LLC CO ID:4270465600 CCD		2,305.35	Reconciled	102,401.72	Deposit	Income:DoorDash	
05/12/2023			GRUBHUB INC DES:May Actvty ID:23051210X8mcd2j INDN:COUR THAI GROUP CORPOR CO ID:1261328194 CCD		540.39	Reconciled	100,096.37	Deposit	Income:GRUBHUB	
05/11/2023	1989	DM CLEANING UP SERVICES LLC		481.00		Reconciled	99,555.98	Check	8660 Repairs & maintenance	
05/11/2023			MERCHANT BNKCD DES:DEPOSIT ID:266371382885 INDN:THAI KITCHEN 2 CO ID:F592126793 CCD		2,084.51	Reconciled	100,036.98	Deposit	Income:CREDIT CARD	
05/10/2023	1988	LAI F CHONG		12,000.00		Reconciled	97,952.47	Check	S Corp Distribution:Lai F Chong	
05/10/2023	1984	Levin Management		17,093.54		Reconciled	109,952.47	Check	Rent:Restaurant	
05/10/2023	1981	REPUBLIC SERVICE		214.12		Reconciled	127,046.01	Check	8880 Waste Management	
05/10/2023			MERCHANT BNKCD DES:DEPOSIT ID:266371382885 INDN:THAI KITCHEN 2 CO ID:F592126793 CCD		2,090.05	Reconciled	127,260.13	Deposit	Income:CREDIT CARD	
05/09/2023	1986	KAM KEU MARKET		2,711.80		Reconciled	125,170.08	Check	Purchase:KAM KEU ASIAN MARKET	
05/09/2023	1979	VERIZON		182.59		Reconciled	127,881.88	Check	8840 Telephone	
05/09/2023			MERCHANT BNKCD DES:DEPOSIT ID:266371382885 INDN:THAI KITCHEN 2 CO ID:F592126793 CCD		2,089.81	Reconciled	128,064.47	Deposit	Income:CREDIT CARD	
05/08/2023	1980	HORIZON		1,341.27		Reconciled	125,974.66	Check	8150 Health Insurance	
05/08/2023			MERCHANT BNKCD DES:DEPOSIT ID:266371382885 INDN:THAI KITCHEN 2 CO ID:F592126793 CCD		5,930.37	Reconciled	127,315.93	Deposit	Income:CREDIT CARD	
05/08/2023			MERCHANT BNKCD DES:DEPOSIT ID:266371382885 INDN:THAI KITCHEN 2 CO ID:F592126793 CCD		4,296.76	Reconciled	121,385.56	Deposit	Income:CREDIT CARD	
05/05/2023		PAYCHEX TPS TAXES	PAYCHEX TPS DES:TAXES ID:02157200029488X INDN:COUR THAI GROUP CORPOR CO ID:1161124166 CCD	2,082.98		Reconciled	117,088.80	Check	3140 Payroll Taxes Liabilities	
05/05/2023		PAYCHEX EIB INVOICE	PAYCHEX EIB DES:INVOICE ID:X02166600000382 INDN:COUR THAI GROUP CORPOR CO ID:1161124166 CCD	136.20		Reconciled	119,171.78	Check	8460 Payroll Processing Fees	
05/05/2023	1977	KAM KEU MARKET		2,496.96		Reconciled	119,307.98	Check	Purchase:KAM KEU ASIAN MARKET	
05/05/2023			MERCHANT BNKCD DES:DEPOSIT ID:266371382885 INDN:THAI KITCHEN 2 CO ID:F592126793 CCD		3,342.09	Reconciled	121,804.94	Deposit	Income:CREDIT CARD	
05/05/2023			DoorDash, Inc. DES:Disabled A ID:ST-G2E0X0Q7T6Y7 INDN:COUR THAI LLC CO ID:4270465600 CCD		2,522.04	Reconciled	118,462.85	Deposit	Income:DoorDash	
05/05/2023			GRUBHUB INC DES:Apr Actvty ID:23050501X8mcd2j INDN:COUR THAI GROUP CORPOR CO ID:1261328194 CCD		667.82	Reconciled	115,940.81	Deposit	Income:GRUBHUB	
05/05/2023			GRUBHUB INC DES:May Actvty ID:23050503X8mcd2j INDN:COUR THAI GROUP CORPOR CO ID:1261328194 CCD		39.33	Reconciled	115,272.99	Deposit	Income:GRUBHUB	
05/04/2023			MERCHANT BNKCD DES:DEPOSIT ID:266371382885 INDN:THAI KITCHEN 2 CO ID:F592126793 CCD		5,159.86	Reconciled	115,233.66	Deposit	Income:CREDIT CARD	
05/03/2023		MERCHANT BANKCD	MERCHANT BNKCD DES:DEPOSIT ID:266371382885 INDN:THAI KITCHEN 2 CO ID:F592126793 CCD	2,812.67		Reconciled	110,073.80	Check	7750 Credit Card Processing Fee	
05/03/2023	1976	SEA PRIVATE SEAFOOD		1,799.82		Reconciled	112,886.47	Check	Purchase:Sea Pirate Seafood	
05/03/2023	1975	DA THAISON		1,997.00		Reconciled	114,686.29	Check	Purchase:Da Thaison Inc	
05/02/2023		Online Banking payment to CSL 7321	Online Banking payment to CRD 7321 Confirmation# 2603137767	3,180.11		Reconciled	116,683.29	Check	3410 BOA #3563/#7321	
05/02/2023			MERCHANT BNKCD DES:DEPOSIT ID:266371382885 INDN:THAI KITCHEN 2 CO ID:F592126793 CCD		1,554.32	Reconciled	119,863.40	Deposit	Income:CREDIT CARD	
05/01/2023			MERCHANT BNKCD DES:DEPOSIT ID:266371382885 INDN:THAI KITCHEN 2 CO ID:F592126793 CCD		6,485.37	Reconciled	118,309.08	Deposit	Income:CREDIT CARD	
05/01/2023			MERCHANT BNKCD DES:DEPOSIT ID:266371382885 INDN:THAI KITCHEN 2 CO ID:F592126793 CCD		4,936.15	Reconciled	111,823.71	Deposit	Income:CREDIT CARD	
04/28/2023			MERCHANT BNKCD DES:DEPOSIT ID:266371382885 INDN:THAI KITCHEN 2 CO ID:F592126793 CCD		3,453.85	Reconciled	106,887.56	Deposit	Income:CREDIT CARD	
04/28/2023			DoorDash, Inc. DES:Disabled A ID:ST-Y8L7M8P7V5O7 INDN:COUR THAI LLC CO ID:4270465600 CCD		2,636.79	Reconciled	103,433.71	Deposit	Income:DoorDash	
04/28/2023			GRUBHUB INC DES:Apr Actvty ID:23042826X8mcd2j INDN:COUR THAI GROUP CORPOR CO ID:1261328194 CCD		762.69	Reconciled	100,796.92	Deposit	Income:GRUBHUB	
04/27/2023	1974	OCEAN PLASTIC PACKAGING TRADING INC		1,462.50		Reconciled	100,034.23	Check	Purchase:OCEAN PLASTIC PACKAGING TRADING	
04/27/2023	1972	AUTO CHLOR SYSTEM		244.22		Reconciled	101,496.73	Check	8670 Dishwash expense	
04/27/2023			MERCHANT BNKCD DES:DEPOSIT ID:266371382885 INDN:THAI KITCHEN 2 CO ID:F592126793 CCD		2,868.66	Reconciled	101,740.95	Deposit	Income:CREDIT CARD	
04/26/2023			MERCHANT BNKCD DES:DEPOSIT ID:266371382885 INDN:THAI KITCHEN 2 CO ID:F592126793 CCD		2,034.97	Reconciled	98,872.29	Deposit	Income:CREDIT CARD	
04/25/2023	1973	KAM KEU MARKET		2,307.60		Reconciled	96,837.32	Check	Purchase:KAM KEU ASIAN MARKET	
04/25/2023			MERCHANT BNKCD DES:DEPOSIT ID:266371382885 INDN:THAI KITCHEN 2 CO ID:F592126793 CCD		2,088.65	Reconciled	99,144.92	Deposit	Income:CREDIT CARD	
04/24/2023		PAYCHEX EIB INVOICE	PAYCHEX EIB DES:INVOICE ID:X02000200019179 INDN:COUR THAI GROUP CORPOR CO ID:1161124166 CCD	136.20		Reconciled	97,056.27	Check	8460 Payroll Processing Fees	
04/24/2023	5478	CHECK		720.00		Reconciled	97,192.47	Check	8400 Salaries and wages	
04/24/2023	5471	CHECK		720.01		Reconciled	97,912.47	Check	8400 Salaries and wages	
04/24/2023	5464	CHECK		720.00		Reconciled	98,632.48	Check	8400 Salaries and wages	
04/24/2023	5463	CHECK		2,593.26		Reconciled	99,352.48	Check	8400 Salaries and wages	
04/24/2023	5452	CHECK		487.24		Reconciled	101,945.74	Check	8400 Salaries and wages	
04/24/2023	5451	CHECK		631.90		Reconciled	102,432.98	Check	8400 Salaries and wages	
04/24/2023	5445	CHECK		487.24		Reconciled	103,064.88	Check	8400 Salaries and wages	
04/24/2023	5444	CHECK		631.90		Reconciled	103,552.12	Check	8400 Salaries and wages	
04/24/2023			MERCHANT BNKCD DES:DEPOSIT ID:266371382885 INDN:THAI KITCHEN 2 CO ID:F592126793 CCD		6,865.46	Reconciled	104,184.02	Deposit	Income:CREDIT CARD	
04/24/2023			MERCHANT BNKCD DES:DEPOSIT ID:266371382885 INDN:THAI KITCHEN 2 CO ID:F592126793 CCD		3,757.24	Reconciled	97,318.56	Deposit	Income:CREDIT CARD	
04/21/2023		PAYCHEX TPS TAXES	PAYCHEX TPS DES:TAXES ID:01994500005443X INDN:COUR THAI GROUP CORPOR CO ID:1161124166 CCD	1,646.25		Reconciled	93,561.32	Check	3140 Payroll Taxes Liabilities	
04/21/2023	1968	ECOLAB		357.24		Reconciled	95,207.57	Check	8870 Pest Control	
04/21/2023			MERCHANT BNKCD DES:DEPOSIT ID:266371382885 INDN:THAI KITCHEN 2 CO ID:F592126793 CCD		2,983.01	Reconciled	95,564.81	Deposit	Income:CREDIT CARD	
04/21/2023			DoorDash, Inc. DES:Disabled A ID:ST-U8W5J9X4E9J3 INDN:COUR THAI LLC CO ID:4270465600 CCD		1,956.83	Reconciled	92,581.80	Deposit	Income:DoorDash	
04/21/2023			GRUBHUB INC DES:Apr Actvty ID:23042119X8mcd2j INDN:COUR THAI GROUP CORPOR CO ID:1261328194 CCD		591.61	Reconciled	90,624.97	Deposit	Income:GRUBHUB	
04/20/2023		NJ S&U WEB PMT	NJ S&U WEB PMT DES:NJWEB55 ID:091000013918734 INDN:COUR THAI GROUP CORPOR CO ID:7216000928 CCD PMT INFO:TXP*B8439605	6,494.71		Reconciled	90,033.36	Check	6030 Sales Tax  Adjustment	
04/20/2023	1971	KAM KEU MARKET		2,393.40		Reconciled	96,528.07	Check	Purchase:KAM KEU ASIAN MARKET	
04/20/2023	1967	MACINTOSH		138.18		Reconciled	98,921.47	Check	8940 Uniform	
04/20/2023			MERCHANT BNKCD DES:DEPOSIT ID:266371382885 INDN:THAI KITCHEN 2 CO ID:F592126793 CCD		2,763.57	Reconciled	99,059.65	Deposit	Income:CREDIT CARD	
04/19/2023		IRS USATAXPYMT	2022 1040 EXT PMT	16,571.00		Reconciled	96,296.08	Check	4520 Loan officer	
04/19/2023	1969	DA THAISON		780.00		Reconciled	112,867.08	Check	Purchase:Da Thaison Inc	
04/19/2023	1965	DA THAISON		1,089.50		Reconciled	113,647.08	Check	Purchase:Da Thaison Inc	
04/19/2023			MERCHANT BNKCD DES:DEPOSIT ID:266371382885 INDN:THAI KITCHEN 2 CO ID:F592126793 CCD		2,326.95	Reconciled	114,736.58	Deposit	Income:CREDIT CARD	
04/18/2023			MERCHANT BNKCD DES:DEPOSIT ID:266371382885 INDN:THAI KITCHEN 2 CO ID:F592126793 CCD		1,796.73	Reconciled	112,409.63	Deposit	Income:CREDIT CARD	
04/17/2023		TOYOTA FINANCE	SETF WORLD OMNI DES:BILL PAY ID:18868304981 INDN:NULL NULL CO ID:7529064511 TEL	723.88		Reconciled	110,612.90	Check	7720 Car  Lease Expense	
04/17/2023	1970	LAI F CHONG		6,000.00		Reconciled	111,336.78	Check	S Corp Distribution:Lai F Chong	
04/17/2023	1963	NJ AMERICAN WATER		902.03		Reconciled	117,336.78	Check	Utilities:Water	
04/17/2023			MERCHANT BNKCD DES:DEPOSIT ID:266371382885 INDN:THAI KITCHEN 2 CO ID:F592126793 CCD		6,405.19	Reconciled	118,238.81	Deposit	Income:CREDIT CARD	
04/17/2023			MERCHANT BNKCD DES:DEPOSIT ID:266371382885 INDN:THAI KITCHEN 2 CO ID:F592126793 CCD		2,103.58	Reconciled	111,833.62	Deposit	Income:CREDIT CARD	
04/14/2023	1962	DA THAISON		1,170.00		Reconciled	109,730.04	Check	Purchase:Da Thaison Inc	
04/14/2023			MERCHANT BNKCD DES:DEPOSIT ID:266371382885 INDN:THAI KITCHEN 2 CO ID:F592126793 CCD		2,183.75	Reconciled	110,900.04	Deposit	Income:CREDIT CARD	
04/14/2023			DoorDash, Inc. DES:Disabled A ID:ST-C6D0L6D7R7U6 INDN:COUR THAI LLC CO ID:4270465600 CCD		1,850.65	Reconciled	108,716.29	Deposit	Income:DoorDash	
04/14/2023			GRUBHUB INC DES:Apr Actvty ID:23041412X8mcd2j INDN:COUR THAI GROUP CORPOR CO ID:1261328194 CCD		466.65	Reconciled	106,865.64	Deposit	Income:GRUBHUB	
04/13/2023			MERCHANT BNKCD DES:DEPOSIT ID:266371382885 INDN:THAI KITCHEN 2 CO ID:F592126793 CCD		2,215.60	Reconciled	106,398.99	Deposit	Income:CREDIT CARD	
04/12/2023	1964	PSE&G		2,232.63		Reconciled	104,183.39	Check	Utilities:Gas and Electric	
04/12/2023			MERCHANT BNKCD DES:DEPOSIT ID:266371382885 INDN:THAI KITCHEN 2 CO ID:F592126793 CCD		2,385.20	Reconciled	106,416.02	Deposit	Income:CREDIT CARD	
04/11/2023	1966	KAM KEU MARKET		2,487.05		Reconciled	104,030.82	Check	Purchase:KAM KEU ASIAN MARKET	
04/11/2023	1957	DA THAISON		1,184.00		Reconciled	106,517.87	Check	Purchase:Da Thaison Inc	
04/11/2023			MERCHANT BNKCD DES:DEPOSIT ID:266371382885 INDN:THAI KITCHEN 2 CO ID:F592126793 CCD		2,153.04	Reconciled	107,701.87	Deposit	Income:CREDIT CARD	
04/10/2023		PAYCHEX EIB INVOICE	PAYCHEX EIB DES:INVOICE ID:X01820500019843 INDN:COUR THAI GROUP CORPOR CO ID:1161124166 CCD	156.52		Reconciled	105,548.83	Check	8460 Payroll Processing Fees	
04/10/2023	5483	CHECK		680.07		Reconciled	105,705.35	Check	8400 Salaries and wages	
04/10/2023	5476	CHECK		680.07		Reconciled	106,385.42	Check	8400 Salaries and wages	
04/10/2023	5469	CHECK		680.07		Reconciled	107,065.49	Check	8400 Salaries and wages	
04/10/2023	5456	CHECK		2,473.13		Reconciled	107,745.56	Check	8400 Salaries and wages	
04/10/2023	1960	C & S ASSOCIATES		1,365.00		Reconciled	110,218.69	Check	Rent:Dormitory	
04/10/2023			MERCHANT BNKCD DES:DEPOSIT ID:266371382885 INDN:THAI KITCHEN 2 CO ID:F592126793 CCD		5,079.98	Reconciled	111,583.69	Deposit	Income:CREDIT CARD	
04/10/2023			MERCHANT BNKCD DES:DEPOSIT ID:266371382885 INDN:THAI KITCHEN 2 CO ID:F592126793 CCD		2,907.47	Reconciled	106,503.71	Deposit	Income:CREDIT CARD	
04/07/2023		PAYCHEX TPS TAXES	PAYCHEX TPS DES:TAXES ID:01815000004954X INDN:COUR THAI GROUP CORPOR CO ID:1161124166 CCD	2,245.40		Reconciled	103,596.24	Check	3140 Payroll Taxes Liabilities	
04/07/2023	1961	MACINTOSH		227.29		Reconciled	105,841.64	Check	8940 Uniform	
04/07/2023	1959	Levin Management		15,065.03		Reconciled	106,068.93	Check	Rent:Restaurant	
04/07/2023			MERCHANT BNKCD DES:DEPOSIT ID:266371382885 INDN:THAI KITCHEN 2 CO ID:F592126793 CCD		2,736.48	Reconciled	121,133.96	Deposit	Income:CREDIT CARD	
04/07/2023			DoorDash, Inc. DES:Disabled A ID:ST-T0H3H3U4C1C7 INDN:COUR THAI LLC CO ID:4270465600 CCD		2,674.70	Reconciled	118,397.48	Deposit	Income:DoorDash	
04/07/2023			GRUBHUB INC DES:Mar Actvty ID:23040701X8mcd2j INDN:COUR THAI GROUP CORPOR CO ID:1261328194 CCD		482.83	Reconciled	115,722.78	Deposit	Income:GRUBHUB	
04/07/2023			GRUBHUB INC DES:Apr Actvty ID:23040705X8mcd2j INDN:COUR THAI GROUP CORPOR CO ID:1261328194 CCD		200.74	Reconciled	115,239.95	Deposit	Income:GRUBHUB	
04/06/2023		Online Banking payment to CSL 7321	Online Banking payment to CRD 7321 Confirmation# 1778257550	2,872.47		Reconciled	115,039.21	Check	3410 BOA #3563/#7321	
04/06/2023			MERCHANT BNKCD DES:DEPOSIT ID:266371382885 INDN:THAI KITCHEN 2 CO ID:F592126793 CCD		2,538.12	Reconciled	117,911.68	Deposit	Income:CREDIT CARD	
04/05/2023		NJ S&U WEB PMT	NJ WEB PMT 02301 DES:NJWEB02301 ID:091000013382981 INDN:COUR THAI GROUP CORPOR CO ID:7216000928 CCD PMT INFO:TXP*B843960	1,272.00		Reconciled	115,373.56	Check	8580 NJ CBT Tax	
04/05/2023			MERCHANT BNKCD DES:DEPOSIT ID:266371382885 INDN:THAI KITCHEN 2 CO ID:F592126793 CCD		2,126.41	Reconciled	116,645.56	Deposit	Income:CREDIT CARD	
04/04/2023	1958	KAM KEU MARKET		2,633.65		Reconciled	114,519.15	Check	Purchase:KAM KEU ASIAN MARKET	
04/04/2023	1956	SEA PRIVATE SEAFOOD		699.90		Reconciled	117,152.80	Check	Purchase:Sea Pirate Seafood	
04/04/2023			MERCHANT BNKCD DES:DEPOSIT ID:266371382885 INDN:THAI KITCHEN 2 CO ID:F592126793 CCD		2,434.29	Reconciled	117,852.70	Deposit	Income:CREDIT CARD	
04/03/2023		MERCHANT BANKCD	MERCHANT BNKCD DES:DEPOSIT ID:266371382885 INDN:THAI KITCHEN 2 CO ID:F592126793 CCD	2,994.12		Reconciled	115,418.41	Check	7750 Credit Card Processing Fee	
04/03/2023			MERCHANT BNKCD DES:DEPOSIT ID:266371382885 INDN:THAI KITCHEN 2 CO ID:F592126793 CCD		6,512.32	Reconciled	118,412.53	Deposit	Income:CREDIT CARD	
04/03/2023			MERCHANT BNKCD DES:DEPOSIT ID:266371382885 INDN:THAI KITCHEN 2 CO ID:F592126793 CCD		4,438.16	Reconciled	111,900.21	Deposit	Income:CREDIT CARD	
03/31/2023	1954	REPUBLIC SERVICE		214.12		Reconciled	107,462.05	Check	8880 Waste Management	
03/31/2023			MERCHANT BNKCD DES:DEPOSIT ID:266371382885 INDN:THAI KITCHEN 2 CO ID:F592126793 CCD		3,821.57	Reconciled	107,676.17	Deposit	Income:CREDIT CARD	
03/31/2023			DoorDash, Inc. DES:Disabled A ID:ST-O2A2P2V6Z9W6 INDN:COUR THAI LLC CO ID:4270465600 CCD		2,759.04	Reconciled	103,854.60	Deposit	Income:DoorDash	
03/31/2023			GRUBHUB INC DES:Mar Actvty ID:23033129X8mcd2j INDN:COUR THAI GROUP CORPOR CO ID:1261328194 CCD		634.68	Reconciled	101,095.56	Deposit	Income:GRUBHUB	
03/30/2023	1955	STATE OF NJ	2672803/ ID 0603935	323.00		Reconciled	100,460.88	Check	8440 Payroll Taxes	
03/30/2023	1953	KAM KEU MARKET		2,664.45		Reconciled	100,783.88	Check	Purchase:KAM KEU ASIAN MARKET	
03/30/2023			MERCHANT BNKCD DES:DEPOSIT ID:266371382885 INDN:THAI KITCHEN 2 CO ID:F592126793 CCD		2,737.91	Reconciled	103,448.33	Deposit	Income:CREDIT CARD	
03/29/2023			MERCHANT BNKCD DES:DEPOSIT ID:266371382885 INDN:THAI KITCHEN 2 CO ID:F592126793 CCD		2,673.81	Reconciled	100,710.42	Deposit	Income:CREDIT CARD	
03/28/2023		BOA CC PMT	Online Banking payment to CRD 0241 Confirmation# 2600825835	4,486.14		Reconciled	98,036.61	Check	3400 BOA #0241	
03/28/2023	1952	DA THAISON		1,273.50		Reconciled	102,522.75	Check	Purchase:Da Thaison Inc	
03/28/2023			MERCHANT BNKCD DES:DEPOSIT ID:266371382885 INDN:THAI KITCHEN 2 CO ID:F592126793 CCD		1,861.46	Reconciled	103,796.25	Deposit	Income:CREDIT CARD	
03/27/2023	5475	CHECK		579.29		Reconciled	101,934.79	Check	8400 Salaries and wages	
03/27/2023	5461	CHECK		579.29		Reconciled	102,514.08	Check	8400 Salaries and wages	
03/27/2023	5454	CHECK		579.28		Reconciled	103,093.37	Check	8400 Salaries and wages	
03/27/2023	5449	CHECK		2,226.47		Reconciled	103,672.65	Check	8400 Salaries and wages	
03/27/2023	1951	LAI F CHONG		20,000.00		Reconciled	105,899.12	Check	S Corp Distribution:Lai F Chong	
03/27/2023	1946	HORIZON		2,682.54		Reconciled	125,899.12	Check	8150 Health Insurance	
03/27/2023			MERCHANT BNKCD DES:DEPOSIT ID:266371382885 INDN:THAI KITCHEN 2 CO ID:F592126793 CCD		5,420.59	Reconciled	128,581.66	Deposit	Income:CREDIT CARD	
03/27/2023			MERCHANT BNKCD DES:DEPOSIT ID:266371382885 INDN:THAI KITCHEN 2 CO ID:F592126793 CCD		4,707.38	Reconciled	123,161.07	Deposit	Income:CREDIT CARD	
03/24/2023		PAYCHEX TPS TAXES	PAYCHEX TPS DES:TAXES ID:01617100021666X INDN:COUR THAI GROUP CORPOR CO ID:1161124166 CCD	2,326.95		Reconciled	118,453.69	Check	3140 Payroll Taxes Liabilities	
03/24/2023		PAYCHEX EIB INVOICE	PAYCHEX EIB DES:INVOICE ID:X01625200027820 INDN:COUR THAI GROUP CORPOR CO ID:1161124166 CCD	142.52		Reconciled	120,780.64	Check	8460 Payroll Processing Fees	
03/24/2023	1945	VERIZON		183.16		Reconciled	120,923.16	Check	8840 Telephone	
03/24/2023			MERCHANT BNKCD DES:DEPOSIT ID:266371382885 INDN:THAI KITCHEN 2 CO ID:F592126793 CCD		3,021.61	Reconciled	121,106.32	Deposit	Income:CREDIT CARD	
03/24/2023			DoorDash, Inc. DES:Disabled A ID:ST-D8F3P7C7J9Y8 INDN:COUR THAI LLC CO ID:4270465600 CCD		2,194.87	Reconciled	118,084.71	Deposit	Income:DoorDash	
03/24/2023			GRUBHUB INC DES:Mar Actvty ID:23032422X8mcd2j INDN:COUR THAI GROUP CORPOR CO ID:1261328194 CCD		528.23	Reconciled	115,889.84	Deposit	Income:GRUBHUB	
03/23/2023		CHECK  ORDER	CHECK ORDER00035 DES:FEE ID:12DU9648 INDN:COUR THAI GROUP CORPOR CO ID:0000000035 PPD PMT INFO: PRODUCT(S): 60.74 S&	81.46		Reconciled	115,361.61	Check	7740 Bank Service Charges	
03/23/2023	1947	DA THAISON		1,104.50		Reconciled	115,443.07	Check	Purchase:Da Thaison Inc	
03/23/2023	1933	HON NAM CHAN		5,000.00		Reconciled	116,547.57	Check	Purchase:Cash Purchase	
03/23/2023			MERCHANT BNKCD DES:DEPOSIT ID:266371382885 INDN:THAI KITCHEN 2 CO ID:F592126793 CCD		1,838.65	Reconciled	121,547.57	Deposit	Income:CREDIT CARD	
03/22/2023	5438	CHECK		487.24		Reconciled	119,708.92	Check	8400 Salaries and wages	
03/22/2023	5437	CHECK		631.90		Reconciled	120,196.16	Check	8400 Salaries and wages	
03/22/2023	1949	SEA PRIVATE SEAFOOD		828.70		Reconciled	120,828.06	Check	Purchase:Sea Pirate Seafood	
03/22/2023			MERCHANT BNKCD DES:DEPOSIT ID:266371382885 INDN:THAI KITCHEN 2 CO ID:F592126793 CCD		2,253.65	Reconciled	121,656.76	Deposit	Income:CREDIT CARD	
03/21/2023	1950	KAM KEU MARKET		2,514.35		Reconciled	119,403.11	Check	Purchase:KAM KEU ASIAN MARKET	
03/21/2023	1948	AUTO CHLOR SYSTEM		238.34		Reconciled	121,917.46	Check	8670 Dishwash expense	
03/21/2023			MERCHANT BNKCD DES:DEPOSIT ID:266371382885 INDN:THAI KITCHEN 2 CO ID:F592126793 CCD		2,042.75	Reconciled	122,155.80	Deposit	Income:CREDIT CARD	
03/20/2023		NJ S&U WEB PMT	NJ WEB PMT 04110 DES:NJWEB04110 ID:091000013234080 INDN:COUR THAI GROUP CORPOR CO ID:7216000928 CCD PMT INFO:TXP*B843960	5,263.20		Reconciled	120,113.05	Check	6030 Sales Tax  Adjustment	
03/20/2023	1939	NJ AMERICAN WATER		1,407.71		Reconciled	125,376.25	Check	Utilities:Water	
03/20/2023					4,887.00	Reconciled	126,783.96	Deposit	8580 NJ CBT Tax	
03/20/2023			MERCHANT BNKCD DES:DEPOSIT ID:266371382885 INDN:THAI KITCHEN 2 CO ID:F592126793 CCD		6,483.08	Reconciled	121,896.96	Deposit	Income:CREDIT CARD	
03/20/2023			MERCHANT BNKCD DES:DEPOSIT ID:266371382885 INDN:THAI KITCHEN 2 CO ID:F592126793 CCD		4,046.11	Reconciled	115,413.88	Deposit	Income:CREDIT CARD	
03/17/2023			MERCHANT BNKCD DES:DEPOSIT ID:266371382885 INDN:THAI KITCHEN 2 CO ID:F592126793 CCD		2,698.26	Reconciled	111,367.77	Deposit	Income:CREDIT CARD	
03/17/2023			DoorDash, Inc. DES:Disabled A ID:ST-K4V3D4O5K3N7 INDN:COUR THAI LLC CO ID:4270465600 CCD		1,890.88	Reconciled	108,669.51	Deposit	Income:DoorDash	
03/17/2023			GRUBHUB INC DES:Mar Actvty ID:23031715X8mcd2j INDN:COUR THAI GROUP CORPOR CO ID:1261328194 CCD		816.34	Reconciled	106,778.63	Deposit	Income:GRUBHUB	
03/16/2023	1940	REPUBLIC SERVICE		214.72		Reconciled	105,962.29	Check	8880 Waste Management	
03/16/2023			MERCHANT BNKCD DES:DEPOSIT ID:266371382885 INDN:THAI KITCHEN 2 CO ID:F592126793 CCD		2,068.07	Reconciled	106,177.01	Deposit	Income:CREDIT CARD	
03/15/2023	5460	CHECK		869.22		Reconciled	104,108.94	Check	8400 Salaries and wages	
03/15/2023	5453	CHECK		646.63		Reconciled	104,978.16	Check	8400 Salaries and wages	
03/15/2023	5446	CHECK		619.31		Reconciled	105,624.79	Check	8400 Salaries and wages	
03/15/2023	5439	CHECK		989.54		Reconciled	106,244.10	Check	8400 Salaries and wages	
03/15/2023			MERCHANT BNKCD DES:DEPOSIT ID:266371382885 INDN:THAI KITCHEN 2 CO ID:F592126793 CCD		2,620.28	Reconciled	107,233.64	Deposit	Income:CREDIT CARD	
03/14/2023		PAYCHEX EIB INVOICE	PAYCHEX EIB DES:INVOICE ID:X01482500006004 INDN:COUR THAI GROUP CORPOR CO ID:1161124166 CCD	142.52		Reconciled	104,613.36	Check	8460 Payroll Processing Fees	
03/14/2023	1944	KAM KEU MARKET		2,771.40		Reconciled	104,755.88	Check	Purchase:KAM KEU ASIAN MARKET	
03/14/2023	1942	SEA PRIVATE SEAFOOD		544.50		Reconciled	107,527.28	Check	Purchase:Sea Pirate Seafood	
03/14/2023	1941	PSE&G		1,935.48		Reconciled	108,071.78	Check	Utilities:Gas and Electric	
03/14/2023			MERCHANT BNKCD DES:DEPOSIT ID:266371382885 INDN:THAI KITCHEN 2 CO ID:F592126793 CCD		2,402.60	Reconciled	110,007.26	Deposit	Income:CREDIT CARD	
03/13/2023		PAYCHEX TPS TAXES	PAYCHEX TPS DES:TAXES ID:01473100001755X INDN:COUR THAI GROUP CORPOR CO ID:1161124166 CCD	2,417.48		Reconciled	107,604.66	Check	3140 Payroll Taxes Liabilities	
03/13/2023		TOYOTA FINANCE	SETF WORLD OMNI DES:BILL PAY ID:17193966861 INDN:NULL NULL CO ID:7529064511 TEL	723.88		Reconciled	110,022.14	Check	7720 Car  Lease Expense	
03/13/2023	5457	CHECK		720.01		Reconciled	110,746.02	Check	8400 Salaries and wages	
03/13/2023	5450	CHECK		720.00		Reconciled	111,466.03	Check	8400 Salaries and wages	
03/13/2023	5443	CHECK		720.01		Reconciled	112,186.03	Check	8400 Salaries and wages	
03/13/2023	5442	CHECK		2,346.52		Reconciled	112,906.04	Check	8400 Salaries and wages	
03/13/2023	5436	CHECK		720.00		Reconciled	115,252.56	Check	8400 Salaries and wages	
03/13/2023	1943	DA THAISON		1,340.50		Reconciled	115,972.56	Check	Purchase:Da Thaison Inc	
03/13/2023			MERCHANT BNKCD DES:DEPOSIT ID:266371382885 INDN:THAI KITCHEN 2 CO ID:F592126793 CCD		9,467.56	Reconciled	117,313.06	Deposit	Income:CREDIT CARD	
03/13/2023			MERCHANT BNKCD DES:DEPOSIT ID:266371382885 INDN:THAI KITCHEN 2 CO ID:F592126793 CCD		2,560.21	Reconciled	107,845.50	Deposit	Income:CREDIT CARD	
03/10/2023	5431	CHECK		466.56		Reconciled	105,285.29	Check	8400 Salaries and wages	
03/10/2023	5430	CHECK		594.80		Reconciled	105,751.85	Check	8400 Salaries and wages	
03/10/2023	5417	CHECK		466.56		Reconciled	106,346.65	Check	8400 Salaries and wages	
03/10/2023	5416	CHECK		594.80		Reconciled	106,813.21	Check	8400 Salaries and wages	
03/10/2023	1938	KAM KEU MARKET		2,810.25		Reconciled	107,408.01	Check	Purchase:KAM KEU ASIAN MARKET	
03/10/2023			MERCHANT BNKCD DES:DEPOSIT ID:266371382885 INDN:THAI KITCHEN 2 CO ID:F592126793 CCD		2,806.26	Reconciled	110,218.26	Deposit	Income:CREDIT CARD	
03/10/2023			DoorDash, Inc. DES:Disabled A ID:ST-D5Z7Z6A8W2N0 INDN:COUR THAI LLC CO ID:4270465600 CCD		2,074.97	Reconciled	107,412.00	Deposit	Income:DoorDash	
03/10/2023			GRUBHUB INC DES:Mar Actvty ID:23031008X8mcd2j INDN:COUR THAI GROUP CORPOR CO ID:1261328194 CCD		865.46	Reconciled	105,337.03	Deposit	Income:GRUBHUB	
03/09/2023	1936	C & S ASSOCIATES		1,365.00		Reconciled	104,471.57	Check	Rent:Dormitory	
03/09/2023	1935	Levin Management		12,895.00		Reconciled	105,836.57	Check	Rent:Restaurant	
03/09/2023			MERCHANT BNKCD DES:DEPOSIT ID:266371382885 INDN:THAI KITCHEN 2 CO ID:F592126793 CCD		2,210.11	Reconciled	118,731.57	Deposit	Income:CREDIT CARD	
03/08/2023			MERCHANT BNKCD DES:DEPOSIT ID:266371382885 INDN:THAI KITCHEN 2 CO ID:F592126793 CCD		2,331.44	Reconciled	116,521.46	Deposit	Income:CREDIT CARD	
03/07/2023	1934	DA THAISON		2,413.50		Reconciled	114,190.02	Check	Purchase:Da Thaison Inc	
03/07/2023			MERCHANT BNKCD DES:DEPOSIT ID:266371382885 INDN:THAI KITCHEN 2 CO ID:F592126793 CCD		1,648.50	Reconciled	116,603.52	Deposit	Income:CREDIT CARD	
03/06/2023	5462	CHECK		680.07		Reconciled	114,955.02	Check	8400 Salaries and wages	
03/06/2023	5455	CHECK		680.07		Reconciled	115,635.09	Check	8400 Salaries and wages	
03/06/2023	5448	CHECK		680.07		Reconciled	116,315.16	Check	8400 Salaries and wages	
03/06/2023	5441	CHECK		680.07		Reconciled	116,995.23	Check	8400 Salaries and wages	
03/06/2023	5435	CHECK		2,849.04		Reconciled	117,675.30	Check	8400 Salaries and wages	
03/06/2023			MERCHANT BNKCD DES:DEPOSIT ID:266371382885 INDN:THAI KITCHEN 2 CO ID:F592126793 CCD		9,652.42	Reconciled	120,524.34	Deposit	Income:CREDIT CARD	
03/06/2023			MERCHANT BNKCD DES:DEPOSIT ID:266371382885 INDN:THAI KITCHEN 2 CO ID:F592126793 CCD		5,204.86	Reconciled	110,871.92	Deposit	Income:CREDIT CARD	
03/03/2023		MERCHANT BANKCD	MERCHANT BNKCD DES:DEPOSIT ID:266371382885 INDN:THAI KITCHEN 2 CO ID:F592126793 CCD	2,652.55		Reconciled	105,667.06	Check	7750 Credit Card Processing Fee	
03/03/2023	1930	OCEAN PLASTIC PACKAGING TRADING INC	CARROT	1,264.00		Reconciled	108,319.61	Check	Purchase:OCEAN PLASTIC PACKAGING TRADING	
03/03/2023	1929	USA FIRE PROTECTION		210.00		Reconciled	109,583.61	Check	8220 Licenses and Permits	
03/03/2023			MERCHANT BNKCD DES:DEPOSIT ID:266371382885 INDN:THAI KITCHEN 2 CO ID:F592126793 CCD		2,805.11	Reconciled	109,793.61	Deposit	Income:CREDIT CARD	
03/03/2023			DoorDash, Inc. DES:Disabled A ID:ST-H2S6I7N2B7Y4 INDN:COUR THAI LLC CO ID:4270465600 CCD		2,331.11	Reconciled	106,988.50	Deposit	Income:DoorDash	
03/03/2023			GRUBHUB INC DES:Feb Actvty ID:23030301X8mcd2j INDN:COUR THAI GROUP CORPOR CO ID:1261328194 CCD		650.45	Reconciled	104,657.39	Deposit	Income:GRUBHUB	
03/02/2023		BOA CC PMT	Online Banking payment to CRD 0241 Confirmation# 1676471037	6,244.00		Reconciled	104,006.94	Check	3400 BOA #0241	
03/02/2023			MERCHANT BNKCD DES:DEPOSIT ID:266371382885 INDN:THAI KITCHEN 2 CO ID:F592126793 CCD		3,136.07	Reconciled	110,250.94	Deposit	Income:CREDIT CARD	
03/01/2023	1926	ECOLAB		178.68		Reconciled	107,114.87	Check	8870 Pest Control	
03/01/2023			MERCHANT BNKCD DES:DEPOSIT ID:266371382885 INDN:THAI KITCHEN 2 CO ID:F592126793 CCD		1,921.18	Reconciled	107,293.55	Deposit	Income:CREDIT CARD	
02/28/2023	1932	KAM KEU MARKET		2,522.20		Reconciled	105,372.37	Check	Purchase:KAM KEU ASIAN MARKET	
02/28/2023	1931	SEA PRIVATE SEAFOOD		758.20		Reconciled	107,894.57	Check	Purchase:Sea Pirate Seafood	
02/28/2023	1927	VERIZON		183.16		Reconciled	108,652.77	Check	8840 Telephone	
02/28/2023			MERCHANT BNKCD DES:DEPOSIT ID:266371382885 INDN:THAI KITCHEN 2 CO ID:F592126793 CCD		2,123.31	Reconciled	108,835.93	Deposit	Income:CREDIT CARD	
02/27/2023		PAYCHEX EIB INVOICE	PAYCHEX EIB DES:INVOICE ID:X01275500024846 INDN:COUR THAI GROUP CORPOR CO ID:1161124166 CCD	142.52		Reconciled	106,712.62	Check	8460 Payroll Processing Fees	
02/27/2023	1928	LAI F CHONG		25,000.00		Reconciled	106,855.14	Check	S Corp Distribution:Lai F Chong	
02/27/2023	1923	AUTO CHLOR SYSTEM		233.73		Reconciled	131,855.14	Check	8670 Dishwash expense	
02/27/2023			MERCHANT BNKCD DES:DEPOSIT ID:266371382885 INDN:THAI KITCHEN 2 CO ID:F592126793 CCD		5,691.00	Reconciled	132,088.87	Deposit	Income:CREDIT CARD	
02/27/2023			MERCHANT BNKCD DES:DEPOSIT ID:266371382885 INDN:THAI KITCHEN 2 CO ID:F592126793 CCD		4,003.57	Reconciled	126,397.87	Deposit	Income:CREDIT CARD	
02/24/2023		PAYCHEX TPS TAXES	PAYCHEX TPS DES:TAXES ID:01271800005382X INDN:COUR THAI GROUP CORPOR CO ID:1161124166 CCD	2,327.27		Reconciled	122,394.30	Check	3140 Payroll Taxes Liabilities	
02/24/2023	1925	KAM KEU MARKET		2,457.45		Reconciled	124,721.57	Check	Purchase:KAM KEU ASIAN MARKET	
02/24/2023			MERCHANT BNKCD DES:DEPOSIT ID:266371382885 INDN:THAI KITCHEN 2 CO ID:F592126793 CCD		2,637.08	Reconciled	127,179.02	Deposit	Income:CREDIT CARD	
02/24/2023			DoorDash, Inc. DES:Disabled A ID:ST-A6I8D5K2Y6U7 INDN:COUR THAI LLC CO ID:4270465600 CCD		1,915.38	Reconciled	124,541.94	Deposit	Income:DoorDash	
02/24/2023			GRUBHUB INC DES:Feb Actvty ID:23022422X8mcd2j INDN:COUR THAI GROUP CORPOR CO ID:1261328194 CCD		593.65	Reconciled	122,626.56	Deposit	Income:GRUBHUB	
02/23/2023	1924	DA THAISON		2,200.00		Reconciled	122,032.91	Check	Purchase:Da Thaison Inc	
02/23/2023	1922	PSE&G		2,139.52		Reconciled	124,232.91	Check	Utilities:Gas and Electric	
02/23/2023			MERCHANT BNKCD DES:DEPOSIT ID:266371382885 INDN:THAI KITCHEN 2 CO ID:F592126793 CCD		1,969.20	Reconciled	126,372.43	Deposit	Income:CREDIT CARD	
02/22/2023			MERCHANT BNKCD DES:DEPOSIT ID:266371382885 INDN:THAI KITCHEN 2 CO ID:F592126793 CCD		2,611.77	Reconciled	124,403.23	Deposit	Income:CREDIT CARD	
02/21/2023		NJ S&U WEB PMT	NJ WEB PMT 04110 DES:NJWEB04110 ID:091000012909587 INDN:COUR THAI GROUP CORPOR CO ID:7216000928 CCD PMT INFO:TXP*B843960	5,738.52		Reconciled	121,791.46	Check	6030 Sales Tax  Adjustment	
02/21/2023			MERCHANT BNKCD DES:DEPOSIT ID:266371382885 INDN:THAI KITCHEN 2 CO ID:F592126793 CCD		5,970.42	Reconciled	127,529.98	Deposit	Income:CREDIT CARD	
02/21/2023			MERCHANT BNKCD DES:DEPOSIT ID:266371382885 INDN:THAI KITCHEN 2 CO ID:F592126793 CCD		4,382.26	Reconciled	121,559.56	Deposit	Income:CREDIT CARD	
02/21/2023			MERCHANT BNKCD DES:DEPOSIT ID:266371382885 INDN:THAI KITCHEN 2 CO ID:F592126793 CCD		3,119.10	Reconciled	117,177.30	Deposit	Income:CREDIT CARD	
02/17/2023			MERCHANT BNKCD DES:DEPOSIT ID:266371382885 INDN:THAI KITCHEN 2 CO ID:F592126793 CCD		2,791.06	Reconciled	114,058.20	Deposit	Income:CREDIT CARD	
02/17/2023			DoorDash, Inc. DES:Disabled A ID:ST-V6C7R5T3U2B0 INDN:COUR THAI LLC CO ID:4270465600 CCD		1,310.52	Reconciled	111,267.14	Deposit	Income:DoorDash	
02/17/2023			GRUBHUB INC DES:Feb Actvty ID:23021715X8mcd2j INDN:COUR THAI GROUP CORPOR CO ID:1261328194 CCD		717.16	Reconciled	109,956.62	Deposit	Income:GRUBHUB	
02/16/2023			MERCHANT BNKCD DES:DEPOSIT ID:266371382885 INDN:THAI KITCHEN 2 CO ID:F592126793 CCD		2,847.71	Reconciled	109,239.46	Deposit	Income:CREDIT CARD	
02/15/2023		TOYOTA FINANCE	SETF WORLD OMNI DES:BILL PAY ID:17115374121 INDN:NULL NULL CO ID:7529064511 TEL	760.07		Reconciled	106,391.75	Check	7720 Car  Lease Expense	
02/15/2023			MERCHANT BNKCD DES:DEPOSIT ID:266371382885 INDN:THAI KITCHEN 2 CO ID:F592126793 CCD		5,431.31	Reconciled	107,151.82	Deposit	Income:CREDIT CARD	
02/14/2023	1921	KAM KEU MARKET		2,502.50		Reconciled	101,720.51	Check	Purchase:KAM KEU ASIAN MARKET	
02/14/2023	1920	SEA PRIVATE SEAFOOD		1,579.20		Reconciled	104,223.01	Check	Purchase:Sea Pirate Seafood	
02/14/2023			MERCHANT BNKCD DES:DEPOSIT ID:266371382885 INDN:THAI KITCHEN 2 CO ID:F592126793 CCD		2,429.48	Reconciled	105,802.21	Deposit	Income:CREDIT CARD	
02/13/2023		BOA CC PMT	Online Banking payment to CRD 0241 Confirmation# 0229328843	400.45		Reconciled	103,372.73	Check	3400 BOA #0241	
02/13/2023		PAYCHEX EIB INVOICE	PAYCHEX EIB DES:INVOICE ID:X01099900003654 INDN:COUR THAI GROUP CORPOR CO ID:1161124166 CCD	142.52		Reconciled	103,773.18	Check	8460 Payroll Processing Fees	
02/13/2023	1918	REPUBLIC SERVICE		214.72		Reconciled	103,915.70	Check	8880 Waste Management	
02/13/2023	1913	NJ AMERICAN WATER		864.67		Reconciled	104,130.42	Check	Utilities:Water	
02/13/2023			MERCHANT BNKCD DES:DEPOSIT ID:266371382885 INDN:THAI KITCHEN 2 CO ID:F592126793 CCD		4,652.46	Reconciled	104,995.09	Deposit	Income:CREDIT CARD	
02/13/2023			MERCHANT BNKCD DES:DEPOSIT ID:266371382885 INDN:THAI KITCHEN 2 CO ID:F592126793 CCD		3,498.68	Reconciled	100,342.63	Deposit	Income:CREDIT CARD	
02/10/2023		PAYCHEX TPS TAXES	PAYCHEX TPS DES:TAXES ID:01096500002322X INDN:COUR THAI GROUP CORPOR CO ID:1161124166 CCD	2,046.75		Reconciled	96,843.95	Check	3140 Payroll Taxes Liabilities	
02/10/2023	5447	CHECK		579.29		Reconciled	98,890.70	Check	8400 Salaries and wages	
02/10/2023	5440	CHECK		579.28		Reconciled	99,469.99	Check	8400 Salaries and wages	
02/10/2023	5433	CHECK		554.92		Reconciled	100,049.27	Check	8400 Salaries and wages	
02/10/2023	5428	CHECK		2,583.49		Reconciled	100,604.19	Check	8400 Salaries and wages	
02/10/2023	5426	CHECK		554.91		Reconciled	103,187.68	Check	8400 Salaries and wages	
02/10/2023			MERCHANT BNKCD DES:DEPOSIT ID:266371382885 INDN:THAI KITCHEN 2 CO ID:F592126793 CCD		2,519.79	Reconciled	103,742.59	Deposit	Income:CREDIT CARD	
02/10/2023			DoorDash, Inc. DES:Disabled A ID:ST-S6W7P0T1H4K7 INDN:COUR THAI LLC CO ID:4270465600 CCD		1,574.44	Reconciled	101,222.80	Deposit	Income:DoorDash	
02/10/2023			GRUBHUB INC DES:Feb Actvty ID:23021008X8mcd2j INDN:COUR THAI GROUP CORPOR CO ID:1261328194 CCD		377.46	Reconciled	99,648.36	Deposit	Income:GRUBHUB	
02/09/2023	1916	AUTO CHLOR SYSTEM		283.30		Reconciled	99,270.90	Check	8670 Dishwash expense	
02/09/2023	1915	HORIZON		1,341.27		Reconciled	99,554.20	Check	8150 Health Insurance	
02/09/2023	1914	VERIZON		183.37		Reconciled	100,895.47	Check	8840 Telephone	
02/09/2023	1909	ECOLAB		178.62		Reconciled	101,078.84	Check	8870 Pest Control	
02/09/2023			MERCHANT BNKCD DES:DEPOSIT ID:266371382885 INDN:THAI KITCHEN 2 CO ID:F592126793 CCD		3,273.64	Reconciled	101,257.46	Deposit	Income:CREDIT CARD	
02/08/2023	1919	C & S ASSOCIATES		1,365.00		Reconciled	97,983.82	Check	Rent:Dormitory	
02/08/2023	1917	Levin Management		12,895.77		Reconciled	99,348.82	Check	Rent:Restaurant	
02/08/2023			MERCHANT BNKCD DES:DEPOSIT ID:266371382885 INDN:THAI KITCHEN 2 CO ID:F592126793 CCD		3,457.11	Reconciled	112,244.59	Deposit	Income:CREDIT CARD	
02/07/2023	1912	KAM KEU MARKET		1,879.80		Reconciled	108,787.48	Check	Purchase:KAM KEU ASIAN MARKET	
02/07/2023			MERCHANT BNKCD DES:DEPOSIT ID:266371382885 INDN:THAI KITCHEN 2 CO ID:F592126793 CCD		1,852.92	Reconciled	110,667.28	Deposit	Income:CREDIT CARD	
02/06/2023	1911	DA THAISON		1,063.50		Reconciled	108,814.36	Check	Purchase:Da Thaison Inc	
02/06/2023			MERCHANT BNKCD DES:DEPOSIT ID:266371382885 INDN:THAI KITCHEN 2 CO ID:F592126793 CCD		3,808.47	Reconciled	109,877.86	Deposit	Income:CREDIT CARD	
02/06/2023			MERCHANT BNKCD DES:DEPOSIT ID:266371382885 INDN:THAI KITCHEN 2 CO ID:F592126793 CCD		3,181.76	Reconciled	106,069.39	Deposit	Income:CREDIT CARD	
02/06/2023			MERCHANT BNKCD DES:DEPOSIT ID:266371382885 INDN:THAI KITCHEN 2 CO ID:F592126793 CCD		2,097.89	Reconciled	102,887.63	Deposit	Income:CREDIT CARD	
02/03/2023		MERCHANT BANKCD	MERCHANT BNKCD DES:DEPOSIT ID:266371382885 INDN:THAI KITCHEN 2 CO ID:F592126793 CCD	2,966.68		Reconciled	100,789.74	Check	7750 Credit Card Processing Fee	
02/03/2023			DoorDash, Inc. DES:Disabled A ID:ST-I5A1S2G0Q8L3 INDN:COUR THAI LLC CO ID:4270465600 CCD		2,488.31	Reconciled	103,756.42	Deposit	Income:DoorDash	
02/03/2023			MERCHANT BNKCD DES:DEPOSIT ID:266371382885 INDN:THAI KITCHEN 2 CO ID:F592126793 CCD		2,402.19	Reconciled	101,268.11	Deposit	Income:CREDIT CARD	
02/03/2023			GRUBHUB INC DES:Jan Actvty ID:23020301X8mcd2j INDN:COUR THAI GROUP CORPOR CO ID:1261328194 CCD		461.06	Reconciled	98,865.92	Deposit	Income:GRUBHUB	
02/02/2023			MERCHANT BNKCD DES:DEPOSIT ID:266371382885 INDN:THAI KITCHEN 2 CO ID:F592126793 CCD		2,508.79	Reconciled	98,404.86	Deposit	Income:CREDIT CARD	
02/01/2023			MERCHANT BNKCD DES:DEPOSIT ID:266371382885 INDN:THAI KITCHEN 2 CO ID:F592126793 CCD		1,814.48	Reconciled	95,896.07	Deposit	Income:CREDIT CARD	
01/31/2023	5424	CHECK		466.56		Reconciled	94,081.59	Check	8400 Salaries and wages	
01/31/2023	5423	CHECK		594.80		Reconciled	94,548.15	Check	8400 Salaries and wages	
01/31/2023	1907	KAM KEU MARKET		2,649.05		Reconciled	95,142.95	Check	Purchase:KAM KEU ASIAN MARKET	
01/31/2023	1906	DA THAISON		1,185.50		Reconciled	97,792.00	Check	Purchase:Da Thaison Inc	
01/31/2023	1904	KAM KEU MARKET		2,140.60		Reconciled	98,977.50	Check	Purchase:KAM KEU ASIAN MARKET	
01/31/2023	1903	CHONG AH WAH		6,500.00		Reconciled	101,118.10	Check	Purchase:Cash Purchase	
01/31/2023	1902	DA THAISON		1,149.50		Reconciled	107,618.10	Check	Purchase:Da Thaison Inc	
01/31/2023	1900	SEA PRIVATE SEAFOOD		1,024.10		Reconciled	108,767.60	Check	Purchase:Sea Pirate Seafood	
01/31/2023			MERCHANT BNKCD DES:DEPOSIT ID:266371382885 INDN:THAI KITCHEN 2 CO ID:F592126793 CCD		1,639.80	Reconciled	109,791.70	Deposit	Income:CREDIT CARD	
01/30/2023		PAYCHEX EIB INVOICE	PAYCHEX EIB DES:INVOICE ID:X00868200012384 INDN:COUR THAI GROUP CORPOR CO ID:1161124166 CCD	142.52		Reconciled	108,151.90	Check	8460 Payroll Processing Fees	
01/30/2023	5432	CHECK		906.02		Reconciled	108,294.42	Check	8400 Salaries and wages	
01/30/2023	5425	CHECK		898.02		Reconciled	109,200.44	Check	8400 Salaries and wages	
01/30/2023	5421	CHECK		2,525.45		Reconciled	110,098.46	Check	8400 Salaries and wages	
01/30/2023	5418	CHECK		892.03		Reconciled	112,623.91	Check	8400 Salaries and wages	
01/30/2023	5411	CHECK		857.21		Reconciled	113,515.94	Check	8400 Salaries and wages	
01/30/2023	1908	LAI F CHONG		15,000.00		Reconciled	114,373.15	Check	S Corp Distribution:Lai F Chong	
01/30/2023			MERCHANT BNKCD DES:DEPOSIT ID:266371382885 INDN:THAI KITCHEN 2 CO ID:F592126793 CCD		5,508.60	Reconciled	129,373.15	Deposit	Income:CREDIT CARD	
01/30/2023			MERCHANT BNKCD DES:DEPOSIT ID:266371382885 INDN:THAI KITCHEN 2 CO ID:F592126793 CCD		4,878.11	Reconciled	123,864.55	Deposit	Income:CREDIT CARD	
01/27/2023		PAYCHEX TPS TAXES	PAYCHEX TPS DES:TAXES ID:00861200005850X INDN:COUR THAI GROUP CORPOR CO ID:1161124166 CCD	2,146.94		Reconciled	118,986.44	Check	3140 Payroll Taxes Liabilities	
01/27/2023	1905	DM CLEANING UP SERVICES LLC		481.00		Reconciled	121,133.38	Check	8660 Repairs & maintenance	
01/27/2023			MERCHANT BNKCD DES:DEPOSIT ID:266371382885 INDN:THAI KITCHEN 2 CO ID:F592126793 CCD		2,559.78	Reconciled	121,614.38	Deposit	Income:CREDIT CARD	
01/27/2023			DoorDash, Inc. DES:Disabled A ID:ST-Z2Y9F2O9Z6P8 INDN:COUR THAI LLC CO ID:4270465600 CCD		1,675.58	Reconciled	119,054.60	Deposit	Income:DoorDash	
01/27/2023			GRUBHUB INC DES:Jan Actvty ID:23012725X8mcd2j INDN:COUR THAI GROUP CORPOR CO ID:1261328194 CCD		479.68	Reconciled	117,379.02	Deposit	Income:GRUBHUB	
01/26/2023			MERCHANT BNKCD DES:DEPOSIT ID:266371382885 INDN:THAI KITCHEN 2 CO ID:F592126793 CCD		2,301.44	Reconciled	116,899.34	Deposit	Income:CREDIT CARD	
01/25/2023			MERCHANT BNKCD DES:DEPOSIT ID:266371382885 INDN:THAI KITCHEN 2 CO ID:F592126793 CCD		3,925.03	Reconciled	114,597.90	Deposit	Income:CREDIT CARD	
01/23/2023		NJ S&U WEB PMT	NJ S&U WEB PMT DES:NJWEB55 ID:091000012642605 INDN:COUR THAI GROUP CORPOR CO ID:7216000928 CCD PMT INFO:TXP*B8439605	7,352.98		Reconciled	110,672.87	Check	3150 Sales Tax Payable	
01/23/2023			MERCHANT BNKCD DES:DEPOSIT ID:266371382885 INDN:THAI KITCHEN 2 CO ID:F592126793 CCD		7,820.89	Reconciled	118,025.85	Deposit	Income:CREDIT CARD	
01/23/2023			MERCHANT BNKCD DES:DEPOSIT ID:266371382885 INDN:THAI KITCHEN 2 CO ID:F592126793 CCD		1,496.14	Reconciled	110,204.96	Deposit	Income:CREDIT CARD	
01/20/2023			DoorDash, Inc. DES:Disabled A ID:ST-D0Y2C0U6W5N6 INDN:COUR THAI LLC CO ID:4270465600 CCD		2,225.05	Reconciled	108,708.82	Deposit	Income:DoorDash	
01/20/2023			MERCHANT BNKCD DES:DEPOSIT ID:266371382885 INDN:THAI KITCHEN 2 CO ID:F592126793 CCD		1,827.84	Reconciled	106,483.77	Deposit	Income:CREDIT CARD	
01/20/2023			GRUBHUB INC DES:Jan Actvty ID:23012018X8mcd2j INDN:COUR THAI GROUP CORPOR CO ID:1261328194 CCD		896.18	Reconciled	104,655.93	Deposit	Income:GRUBHUB	
01/19/2023	1899	DA THAISON		1,131.00		Reconciled	103,759.75	Check	Purchase:Da Thaison Inc	
01/19/2023			MERCHANT BNKCD DES:DEPOSIT ID:266371382885 INDN:THAI KITCHEN 2 CO ID:F592126793 CCD		2,679.48	Reconciled	104,890.75	Deposit	Income:CREDIT CARD	
01/18/2023		BOA CC PMT	Online Banking payment to CRD 0241 Confirmation# 0204180757	7,246.32		Reconciled	102,211.27	Check	3400 BOA #0241	
01/18/2023			MERCHANT BNKCD DES:DEPOSIT ID:266371382885 INDN:THAI KITCHEN 2 CO ID:F592126793 CCD		1,809.34	Reconciled	109,457.59	Deposit	Income:CREDIT CARD	
01/17/2023		PAYCHEX EIB INVOICE	PAYCHEX EIB DES:INVOICE ID:X00578000017501 INDN:COUR THAI GROUP CORPOR CO ID:1161124166 CCD	324.02		Reconciled	107,648.25	Check	8460 Payroll Processing Fees	
01/17/2023	1901	KAM KEU MARKET		2,789.45		Reconciled	107,972.27	Check	Purchase:KAM KEU ASIAN MARKET	
01/17/2023	1898	MACINTOSH		584.94		Reconciled	110,761.72	Check	8940 Uniform	
01/17/2023			MERCHANT BNKCD DES:DEPOSIT ID:266371382885 INDN:THAI KITCHEN 2 CO ID:F592126793 CCD		6,282.81	Reconciled	111,346.66	Deposit	Income:CREDIT CARD	
01/17/2023			MERCHANT BNKCD DES:DEPOSIT ID:266371382885 INDN:THAI KITCHEN 2 CO ID:F592126793 CCD		4,583.59	Reconciled	105,063.85	Deposit	Income:CREDIT CARD	
01/17/2023			MERCHANT BNKCD DES:DEPOSIT ID:266371382885 INDN:THAI KITCHEN 2 CO ID:F592126793 CCD		2,737.34	Reconciled	100,480.26	Deposit	Income:CREDIT CARD	
01/13/2023		PAYCHEX TPS TAXES	PAYCHEX TPS DES:TAXES ID:00565100006915X INDN:COUR THAI GROUP CORPOR CO ID:1161124166 CCD	2,692.62		Reconciled	97,742.92	Check	3140 Payroll Taxes Liabilities	
01/13/2023	1889	AUTO CHLOR SYSTEM		237.60		Reconciled	100,435.54	Check	8670 Dishwash expense	
01/13/2023			GRUBHUB INC DES:Jan Actvty ID:23011311X8mcd2j INDN:COUR THAI GROUP CORPOR CO ID:1261328194 CCD		730.24	Reconciled	100,673.14	Deposit	Income:GRUBHUB	
01/13/2023			MERCHANT BNKCD DES:DEPOSIT ID:266371382885 INDN:THAI KITCHEN 2 CO ID:F592126793 CCD		2,673.37	Reconciled	99,942.90	Deposit	Income:CREDIT CARD	
01/13/2023			DoorDash, Inc. DES:Disabled A ID:ST-T9O3P4R5D0P3 INDN:COUR THAI LLC CO ID:4270465600 CCD		1,634.40	Reconciled	97,269.53	Deposit	Income:DoorDash	
01/12/2023	1893	SOUTHEAST TOYOTA FINANCE		1,447.76		Reconciled	95,635.13	Check	7720 Car  Lease Expense	
01/12/2023	1885	NJ AMERICAN WATER		860.79		Reconciled	97,082.89	Check	Utilities:Water	
01/12/2023			MERCHANT BNKCD DES:DEPOSIT ID:266371382885 INDN:THAI KITCHEN 2 CO ID:F592126793 CCD		2,315.80	Reconciled	97,943.68	Deposit	Income:CREDIT CARD	
01/11/2023	1897	KAM KEU MARKET		2,513.85		Reconciled	95,627.88	Check	Purchase:KAM KEU ASIAN MARKET	
01/11/2023	1888	REPUBLIC SERVICE		428.14		Reconciled	98,141.73	Check	8880 Waste Management	
01/11/2023	1881	DK HEATING		1,631.37		Reconciled	98,569.87	Check	8660 Repairs & maintenance	
01/11/2023			MERCHANT BNKCD DES:DEPOSIT ID:266371382885 INDN:THAI KITCHEN 2 CO ID:F592126793 CCD		2,791.63	Reconciled	100,201.24	Deposit	Income:CREDIT CARD	
01/10/2023	1891	C & S ASSOCIATES		1,365.00		Reconciled	97,409.61	Check	Rent:Dormitory	
01/10/2023	1890	ECOLAB		357.28		Reconciled	98,774.61	Check	8870 Pest Control	
01/10/2023			MERCHANT BNKCD DES:DEPOSIT ID:266371382885 INDN:THAI KITCHEN 2 CO ID:F592126793 CCD		2,210.98	Reconciled	99,131.89	Deposit	Income:CREDIT CARD	
01/09/2023	5429	CHECK		698.79		Reconciled	96,920.91	Check	8400 Salaries and wages	
01/09/2023	5422	CHECK		698.78		Reconciled	97,619.70	Check	8400 Salaries and wages	
01/09/2023	5415	CHECK		698.79		Reconciled	98,318.48	Check	8400 Salaries and wages	
01/09/2023	5414	CHECK		2,406.25		Reconciled	99,017.27	Check	8400 Salaries and wages	
01/09/2023	1896	DA THAISON		1,582.60		Reconciled	101,423.52	Check	Purchase:Da Thaison Inc	
01/09/2023	1895	OCEAN PLASTIC PACKAGING TRADING INC		1,574.55		Reconciled	103,006.12	Check	Purchase:OCEAN PLASTIC PACKAGING TRADING	
01/09/2023	1892	Levin Management		18,768.89		Reconciled	104,580.67	Check	Rent:Restaurant	
01/09/2023	1887	HORIZON		1,341.33		Reconciled	123,349.56	Check	8150 Health Insurance	
01/09/2023	1886	PSE&G		4,170.55		Reconciled	124,690.89	Check	Utilities:Gas and Electric	
01/09/2023	1882	LAI F CHONG		20,000.00		Reconciled	128,861.44	Check	S Corp Distribution:Lai F Chong	
01/09/2023			MERCHANT BNKCD DES:DEPOSIT ID:266371382885 INDN:THAI KITCHEN 2 CO ID:F592126793 CCD		8,317.35	Reconciled	148,861.44	Deposit	Income:CREDIT CARD	
01/09/2023			MERCHANT BNKCD DES:DEPOSIT ID:266371382885 INDN:THAI KITCHEN 2 CO ID:F592126793 CCD		4,711.80	Reconciled	140,544.09	Deposit	Income:CREDIT CARD	
01/06/2023			GRUBHUB INC DES:Dec Actvty ID:23010601X8mcd2j INDN:COUR THAI GROUP CORPOR CO ID:1261328194 CCD		829.23	Reconciled	135,832.29	Deposit	Income:GRUBHUB	
01/06/2023			GRUBHUB INC DES:Jan Actvty ID:23010604X8mcd2j INDN:COUR THAI GROUP CORPOR CO ID:1261328194 CCD		297.39	Reconciled	135,003.06	Deposit	Income:GRUBHUB	
01/06/2023			MERCHANT BNKCD DES:DEPOSIT ID:266371382885 INDN:THAI KITCHEN 2 CO ID:F592126793 CCD		2,994.59	Reconciled	134,705.67	Deposit	Income:CREDIT CARD	
01/06/2023			DoorDash, Inc. DES:Disabled A ID:ST-W7N3N5G7J8C5 INDN:COUR THAI LLC CO ID:4270465600 CCD		2,006.64	Reconciled	131,711.08	Deposit	Income:DoorDash	
01/05/2023			MERCHANT BNKCD DES:DEPOSIT ID:266371382885 INDN:THAI KITCHEN 2 CO ID:F592126793 CCD		2,368.99	Reconciled	129,704.44	Deposit	Income:CREDIT CARD	
01/04/2023	1880	DA THAISON		2,473.80		Reconciled	127,335.45	Check	3100 A/P	
01/04/2023			MERCHANT BNKCD DES:DEPOSIT ID:266371382885 INDN:THAI KITCHEN 2 CO ID:F592126793 CCD		2,033.98	Reconciled	129,809.25	Deposit	Income:CREDIT CARD	
01/03/2023		MERCHANT BANKCD	MERCHANT BNKCD DES:DEPOSIT ID:266371382885 INDN:THAI KITCHEN 2 CO ID:F592126793 CCD	3,619.64		Reconciled	127,775.27	Check	7750 Credit Card Processing Fee	
01/03/2023		PAYCHEX EIB INVOICE	PAYCHEX EIB DES:INVOICE ID:X00378200047572 INDN:COUR THAI GROUP CORPOR CO ID:1161124166 CCD	142.52		Reconciled	131,394.91	Check	8460 Payroll Processing Fees	
01/03/2023	5434	CHECK		658.91		Reconciled	131,537.43	Check	8400 Salaries and wages	
01/03/2023	5427	CHECK		658.91		Reconciled	132,196.34	Check	8400 Salaries and wages	
01/03/2023	5420	CHECK		658.91		Reconciled	132,855.25	Check	8400 Salaries and wages	
01/03/2023	5413	CHECK		658.91		Reconciled	133,514.16	Check	8400 Salaries and wages	
01/03/2023	5407	CHECK		2,227.33		Reconciled	134,173.07	Check	8400 Salaries and wages	
01/03/2023	5399	CHECK		2,191.86		Reconciled	136,400.40	Check	8400 Salaries and wages	
01/03/2023	1884	KAM KEU MARKET		2,660.40		Reconciled	138,592.26	Check	3100 A/P	
01/03/2023	1883	SEA PRIVATE SEAFOOD		760.20		Reconciled	141,252.66	Check	3100 A/P	
01/03/2023			MERCHANT BNKCD DES:DEPOSIT ID:266371382885 INDN:THAI KITCHEN 2 CO ID:F592126793 CCD		6,579.13	Reconciled	142,012.86	Deposit	Income:CREDIT CARD	
01/03/2023			MERCHANT BNKCD DES:DEPOSIT ID:266371382885 INDN:THAI KITCHEN 2 CO ID:F592126793 CCD		4,866.65	Reconciled	135,433.73	Deposit	Income:CREDIT CARD	
01/03/2023			MERCHANT BNKCD DES:DEPOSIT ID:266371382885 INDN:THAI KITCHEN 2 CO ID:F592126793 CCD		3,265.87	Reconciled	130,567.08	Deposit	Income:CREDIT CARD	
12/30/2022		PAYCHEX TPS TAXES	PAYCHEX TPS DES:TAXES ID:00371100012756X INDN:COUR THAI GROUP CORPOR CO ID:1161124166 CCD	2,297.23		Reconciled	127,301.21	Check	3140 Payroll Taxes Liabilities	
12/30/2022			GRUBHUB INC DES:Dec Actvty ID:22123028X8mcd2j INDN:COUR THAI GROUP CORPOR CO ID:1261328194 CCD		324.51	Reconciled	129,598.44	Deposit	Income:GRUBHUB	
12/30/2022			MERCHANT BNKCD DES:DEPOSIT ID:266371382885 INDN:THAI KITCHEN 2 CO ID:F592126793 CCD		9,633.23	Reconciled	129,273.93	Deposit	Income:CREDIT CARD	
12/30/2022			DoorDash, Inc. DES:Disabled A ID:ST-L3H2J3I5B1A9 INDN:COUR THAI LLC CO ID:4270465600 CCD		1,428.70	Reconciled	119,640.70	Deposit	Income:DoorDash	
12/29/2022	5410	PAYROLL CHECK		466.56		Reconciled	118,212.00	Check	8400 Salaries and wages	
12/29/2022	5409	PAYROLL CHECK		594.80		Reconciled	118,678.56	Check	8400 Salaries and wages	
12/29/2022	5402	PAYROLL CHECK		466.56		Reconciled	119,273.36	Check	8400 Salaries and wages	
12/29/2022	5401	PAYROLL CHECK		594.80		Reconciled	119,739.92	Check	8400 Salaries and wages	
12/28/2022			MERCHANT BNKCD DES:DEPOSIT ID:266371382885 INDN:THAI KITCHEN 2 CO ID:F592126793 CCD		3,873.95	Reconciled	120,334.72	Deposit	Income:CREDIT CARD	
12/27/2022	1879	KAM KEU MARKET		2,776.55		Reconciled	116,460.77	Check	Purchase:KAM KEU ASIAN MARKET	
12/27/2022			MERCHANT BNKCD DES:DEPOSIT ID:266371382885 INDN:THAI KITCHEN 2 CO ID:F592126793 CCD		9,255.06	Reconciled	119,237.32	Deposit	Income:CREDIT CARD	
12/27/2022			MERCHANT BNKCD DES:DEPOSIT ID:266371382885 INDN:THAI KITCHEN 2 CO ID:F592126793 CCD		4,403.12	Reconciled	109,982.26	Deposit	Income:CREDIT CARD	
12/23/2022		BOA CC PMT	Online Banking payment to CRD 0241 Confirmation# 3780326412	5,799.63		Reconciled	105,579.14	Check	3400 BOA #0241	
12/23/2022			GRUBHUB INC DES:Dec Actvty ID:22122321X8mcd2j INDN:COUR THAI GROUP CORPOR CO ID:1261328194 CCD		441.48	Reconciled	111,378.77	Deposit	Income:GRUBHUB	
12/23/2022			MERCHANT BNKCD DES:DEPOSIT ID:266371382885 INDN:THAI KITCHEN 2 CO ID:F592126793 CCD		3,972.06	Reconciled	110,937.29	Deposit	Income:CREDIT CARD	
12/23/2022			DoorDash, Inc. DES:Disabled A ID:ST-C3M1S7L2R7M7 INDN:COUR THAI LLC CO ID:4270465600 CCD		1,974.23	Reconciled	106,965.23	Deposit	Income:DoorDash	
12/22/2022			MERCHANT BNKCD DES:DEPOSIT ID:266371382885 INDN:THAI KITCHEN 2 CO ID:F592126793 CCD		4,503.92	Reconciled	104,991.00	Deposit	Income:CREDIT CARD	
12/21/2022	1875	DA THAISON		1,302.60		Reconciled	100,487.08	Check	Purchase:Da Thaison Inc	
12/21/2022			MERCHANT BNKCD DES:DEPOSIT ID:266371382885 INDN:THAI KITCHEN 2 CO ID:F592126793 CCD		3,541.98	Reconciled	101,789.68	Deposit	Income:CREDIT CARD	
12/20/2022		NJ S&U WEB PMT	NJ WEB PMT 04110 DES:NJWEB04110 ID:091000012307934 INDN:COUR THAI GROUP CORPOR CO ID:7216000928 CCD PMT INFO:TXP*B843960	5,553.47		Reconciled	98,247.70	Check	6030 Sales Tax  Adjustment	
12/20/2022	1877	KAM KEU MARKET		3,022.05		Reconciled	103,801.17	Check	Purchase:KAM KEU ASIAN MARKET	
12/20/2022	1876	SEA PRIVATE SEAFOOD		1,537.70		Reconciled	106,823.22	Check	Purchase:Sea Pirate Seafood	
12/20/2022			MERCHANT BNKCD DES:DEPOSIT ID:266371382885 INDN:THAI KITCHEN 2 CO ID:F592126793 CCD		3,994.87	Reconciled	108,360.92	Deposit	Income:CREDIT CARD	
12/19/2022		PAYCHEX EIB INVOICE	PAYCHEX EIB DES:INVOICE ID:X00191400011432 INDN:COUR THAI GROUP CORPOR CO ID:1161124166 CCD	142.52		Reconciled	104,366.05	Check	8460 Payroll Processing Fees	
12/19/2022	5403	PAYROLL CHECK		665.96		Reconciled	104,508.57	Check	8400 Salaries and wages	
12/19/2022	5395	PAYROLL CHECK		632.01		Reconciled	105,174.53	Check	8400 Salaries and wages	
12/19/2022	5387	PAYROLL CHECK		659.48		Reconciled	105,806.54	Check	8400 Salaries and wages	
12/19/2022	5379	PAYROLL CHECK		631.98		Reconciled	106,466.02	Check	8400 Salaries and wages	
12/19/2022	1878	LAI F CHONG		6,000.00		Reconciled	107,098.00	Check	8430 Payroll - Tips	
12/19/2022			MERCHANT BNKCD DES:DEPOSIT ID:266371382885 INDN:THAI KITCHEN 2 CO ID:F592126793 CCD		6,705.85	Reconciled	113,098.00	Deposit	Income:CREDIT CARD	
12/19/2022			MERCHANT BNKCD DES:DEPOSIT ID:266371382885 INDN:THAI KITCHEN 2 CO ID:F592126793 CCD		5,014.09	Reconciled	106,392.15	Deposit	Income:CREDIT CARD	
12/16/2022		PAYCHEX TPS TAXES	PAYCHEX TPS DES:TAXES ID:00185100006797X INDN:COUR THAI GROUP CORPOR CO ID:1161124166 CCD	2,252.73		Reconciled	101,378.06	Check	3140 Payroll Taxes Liabilities	
12/16/2022			GRUBHUB INC DES:Dec Actvty ID:22121614X8mcd2j INDN:COUR THAI GROUP CORPOR CO ID:1261328194 CCD		875.12	Reconciled	103,630.79	Deposit	Income:GRUBHUB	
12/16/2022			MERCHANT BNKCD DES:DEPOSIT ID:266371382885 INDN:THAI KITCHEN 2 CO ID:F592126793 CCD		3,306.47	Reconciled	102,755.67	Deposit	Income:CREDIT CARD	
12/16/2022			DoorDash, Inc. DES:Disabled A ID:ST-V2X1K3I1E9W0 INDN:COUR THAI LLC CO ID:4270465600 CCD		2,048.24	Reconciled	99,449.20	Deposit	Income:DoorDash	
12/15/2022		NJ WEB PMT	NJ WEB PMT 02101 DES:NJWEB02101 ID:091000012240805 INDN:COUR THAI GROUP CORPOR CO ID:7216000928 CCD PMT INFO:TXP*B843960	5,004.00		Reconciled	97,400.96	Check	8580 NJ CBT Tax	
12/15/2022			MERCHANT BNKCD DES:DEPOSIT ID:266371382885 INDN:THAI KITCHEN 2 CO ID:F592126793 CCD		2,890.89	Reconciled	102,404.96	Deposit	Income:CREDIT CARD	
12/14/2022	1873	DA THAISON		1,142.50		Reconciled	99,514.07	Check	Purchase:Da Thaison Inc	
12/14/2022			MERCHANT BNKCD DES:DEPOSIT ID:266371382885 INDN:THAI KITCHEN 2 CO ID:F592126793 CCD		2,994.61	Reconciled	100,656.57	Deposit	Income:CREDIT CARD	
12/13/2022	1874	KAM KEU MARKET		2,311.40		Reconciled	97,661.96	Check	Purchase:KAM KEU ASIAN MARKET	
12/13/2022			MERCHANT BNKCD DES:DEPOSIT ID:266371382885 INDN:THAI KITCHEN 2 CO ID:F592126793 CCD		2,529.09	Reconciled	99,973.36	Deposit	Income:CREDIT CARD	
12/12/2022	5419	PAYROLL CHECK		554.92		Reconciled	97,444.27	Check	8400 Salaries and wages	
12/12/2022	5412	PAYROLL CHECK		554.91		Reconciled	97,999.19	Check	8400 Salaries and wages	
12/12/2022	5404	PAYROLL CHECK		554.92		Reconciled	98,554.10	Check	8400 Salaries and wages	
12/12/2022	5396	PAYROLL CHECK		554.91		Reconciled	99,109.02	Check	8400 Salaries and wages	
12/12/2022	5388	PAYROLL CHECK		554.92		Reconciled	99,663.93	Check	8400 Salaries and wages	
12/12/2022	1872	C & S ASSOCIATES		1,439.50		Reconciled	100,218.85	Check	Rent:Dormitory	
12/12/2022	1869	SEA PRIVATE SEAFOOD		812.50		Reconciled	101,658.35	Check	Purchase:Sea Pirate Seafood	
12/12/2022	1866	LIBERTY MUTUAL		2,796.00		Reconciled	102,470.85	Check	Insurance:AUTO INSURANCE	
12/12/2022			MERCHANT BNKCD DES:DEPOSIT ID:266371382885 INDN:THAI KITCHEN 2 CO ID:F592126793 CCD		7,029.49	Reconciled	105,266.85	Deposit	Income:CREDIT CARD	
12/12/2022			MERCHANT BNKCD DES:DEPOSIT ID:266371382885 INDN:THAI KITCHEN 2 CO ID:F592126793 CCD		5,004.51	Reconciled	98,237.36	Deposit	Income:CREDIT CARD	
12/09/2022	1870	KAM KEU MARKET		3,120.20		Reconciled	93,232.85	Check	Purchase:KAM KEU ASIAN MARKET	
12/09/2022	1867	DA THAISON		1,408.50		Reconciled	96,353.05	Check	Purchase:Da Thaison Inc	
12/09/2022			GRUBHUB INC DES:Dec Actvty ID:22120907X8mcd2j INDN:COUR THAI GROUP CORPOR CO ID:1261328194 CCD		376.88	Reconciled	97,761.55	Deposit	Income:GRUBHUB	
12/09/2022			MERCHANT BNKCD DES:DEPOSIT ID:266371382885 INDN:THAI KITCHEN 2 CO ID:F592126793 CCD		3,654.28	Reconciled	97,384.67	Deposit	Income:CREDIT CARD	
12/09/2022			DoorDash, Inc. DES:Disabled A ID:ST-W3B4U8T8J2Q6 INDN:COUR THAI LLC CO ID:4270465600 CCD		1,776.96	Reconciled	93,730.39	Deposit	Income:DoorDash	
12/08/2022	5408	PAYROLL CHECK		698.78		Reconciled	91,953.43	Check	8400 Salaries and wages	
12/08/2022	5400	PAYROLL CHECK		698.79		Reconciled	92,652.21	Check	8400 Salaries and wages	
12/08/2022	5392	PAYROLL CHECK		698.78		Reconciled	93,351.00	Check	8400 Salaries and wages	
12/08/2022	5391	PAYROLL CHECK		2,105.48		Reconciled	94,049.78	Check	8400 Salaries and wages	
12/08/2022	5384	PAYROLL CHECK		698.79		Reconciled	96,155.26	Check	8400 Salaries and wages	
12/08/2022	5383	PAYROLL CHECK		2,057.56		Reconciled	96,854.05	Check	8400 Salaries and wages	
12/08/2022			MERCHANT BNKCD DES:DEPOSIT ID:266371382885 INDN:THAI KITCHEN 2 CO ID:F592126793 CCD		2,779.98	Reconciled	98,911.61	Deposit	Income:CREDIT CARD	
12/07/2022	1871	Levin Management		12,895.77		Reconciled	96,131.63	Check	Rent:Restaurant	
12/07/2022			MERCHANT BNKCD DES:DEPOSIT ID:266371382885 INDN:THAI KITCHEN 2 CO ID:F592126793 CCD		2,890.30	Reconciled	109,027.40	Deposit	Income:CREDIT CARD	
12/06/2022	1864	VERIZON		364.15		Reconciled	106,137.10	Check	8840 Telephone	
12/06/2022	1862	AUTO CHLOR SYSTEM		233.78		Reconciled	106,501.25	Check	8670 Dishwash expense	
12/06/2022			MERCHANT BNKCD DES:DEPOSIT ID:266371382885 INDN:THAI KITCHEN 2 CO ID:F592126793 CCD		2,273.00	Reconciled	106,735.03	Deposit	Income:CREDIT CARD	
12/05/2022		MERCHANT BANKCD	MERCHANT BNKCD DES:DEPOSIT ID:266371382885 INDN:THAI KITCHEN 2 CO ID:F592126793 CCD	2,857.39		Reconciled	104,462.03	Check	7750 Credit Card Processing Fee	
12/05/2022		PAYCHEX EIB INVOICE	PAYCHEX EIB DES:INVOICE ID:X99997900017364 INDN:COUR THAI GROUP CORPOR CO ID:1161124166 CCD	142.52		Reconciled	107,319.42	Check	8460 Payroll Processing Fees	
12/05/2022	1868	LAI F CHONG		15,000.00		Reconciled	107,461.94	Check	8430 Payroll - Tips	
12/05/2022			MERCHANT BNKCD DES:DEPOSIT ID:266371382885 INDN:THAI KITCHEN 2 CO ID:F592126793 CCD		7,545.67	Reconciled	122,461.94	Deposit	Income:CREDIT CARD	
12/05/2022			MERCHANT BNKCD DES:DEPOSIT ID:266371382885 INDN:THAI KITCHEN 2 CO ID:F592126793 CCD		5,226.65	Reconciled	114,916.27	Deposit	Income:CREDIT CARD	
12/02/2022		PAYCHEX TPS TAXES	PAYCHEX TPS DES:TAXES ID:99989100006776X INDN:COUR THAI GROUP CORPOR CO ID:1161124166 CCD	2,165.89		Reconciled	109,689.62	Check	3140 Payroll Taxes Liabilities	
12/02/2022			GRUBHUB INC DES:Nov Actvty ID:22120201X8mcd2j INDN:COUR THAI GROUP CORPOR CO ID:1261328194 CCD		45.17	Reconciled	111,855.51	Deposit	Income:GRUBHUB	
12/02/2022			GRUBHUB INC DES:Nov Actvty ID:22120230X8mcd2j INDN:COUR THAI GROUP CORPOR CO ID:1261328194 CCD		29.11	Reconciled	111,810.34	Deposit	Income:GRUBHUB	
12/02/2022			MERCHANT BNKCD DES:DEPOSIT ID:266371382885 INDN:THAI KITCHEN 2 CO ID:F592126793 CCD		2,737.23	Reconciled	111,781.23	Deposit	Income:CREDIT CARD	
12/02/2022			DoorDash, Inc. DES:Disabled A ID:ST-U2L7P2H2Z1P7 INDN:COUR THAI LLC CO ID:4270465600 CCD		1,942.57	Reconciled	109,044.00	Deposit	Income:DoorDash	
12/01/2022	1865	PSE&G		2,042.71		Reconciled	107,101.43	Check	Utilities:Gas and Electric	
12/01/2022			MERCHANT BNKCD DES:DEPOSIT ID:266371382885 INDN:THAI KITCHEN 2 CO ID:F592126793 CCD		2,896.96	Reconciled	109,144.14	Deposit	Income:CREDIT CARD	
11/30/2022			MERCHANT BNKCD DES:DEPOSIT ID:266371382885 INDN:THAI KITCHEN 2 CO ID:F592126793 CCD		3,685.51	Reconciled	106,247.18	Deposit	Income:CREDIT CARD	
11/29/2022		BOA CC PMT	Online Banking payment to CRD 0241 Confirmation# 0273076309	5,154.96		Reconciled	102,561.67	Check	3400 BOA #0241	
11/29/2022	5405	PAYROLL CHECK		728.86		Reconciled	107,716.63	Check	8400 Salaries and wages	
11/29/2022	5397	PAYROLL CHECK		689.27		Reconciled	108,445.49	Check	8400 Salaries and wages	
11/29/2022	5389	PAYROLL CHECK		675.80		Reconciled	109,134.76	Check	8400 Salaries and wages	
11/29/2022	5381	PAYROLL CHECK		622.27		Reconciled	109,810.56	Check	8400 Salaries and wages	
11/29/2022	5373	PAYROLL CHECK		639.32		Reconciled	110,432.83	Check	8400 Salaries and wages	
11/29/2022	5365	PAYROLL CHECK		658.80		Reconciled	111,072.15	Check	8400 Salaries and wages	
11/29/2022	1863	KAM KEU MARKET		1,655.25		Reconciled	111,730.95	Check	Purchase:KAM KEU ASIAN MARKET	
11/29/2022	1861	DA THAISON		1,187.00		Reconciled	113,386.20	Check	Purchase:Da Thaison Inc	
11/29/2022			MERCHANT BNKCD DES:DEPOSIT ID:266371382885 INDN:THAI KITCHEN 2 CO ID:F592126793 CCD		2,610.94	Reconciled	114,573.20	Deposit	Income:CREDIT CARD	
11/28/2022	5394	PAYROLL CHECK		466.56		Reconciled	111,962.26	Check	8400 Salaries and wages	
11/28/2022	5393	PAYROLL CHECK		594.80		Reconciled	112,428.82	Check	8400 Salaries and wages	
11/28/2022			MERCHANT BNKCD DES:DEPOSIT ID:266371382885 INDN:THAI KITCHEN 2 CO ID:F592126793 CCD		7,671.35	Reconciled	113,023.62	Deposit	Income:CREDIT CARD	
11/28/2022			MERCHANT BNKCD DES:DEPOSIT ID:266371382885 INDN:THAI KITCHEN 2 CO ID:F592126793 CCD		3,437.10	Reconciled	105,352.27	Deposit	Income:CREDIT CARD	
11/25/2022			GRUBHUB INC DES:Nov Actvty ID:22112523X8mcd2j INDN:COUR THAI GROUP CORPOR CO ID:1261328194 CCD		197.60	Reconciled	101,915.17	Deposit	Income:GRUBHUB	
11/25/2022			MERCHANT BNKCD DES:DEPOSIT ID:266371382885 INDN:THAI KITCHEN 2 CO ID:F592126793 CCD		3,935.02	Reconciled	101,717.57	Deposit	Income:CREDIT CARD	
11/25/2022			DoorDash, Inc. DES:Disabled A ID:ST-O3M5M2J2Y4J4 INDN:COUR THAI LLC CO ID:4270465600 CCD		2,288.68	Reconciled	97,782.55	Deposit	Income:DoorDash	
11/23/2022	1855	AUTO CHLOR SYSTEM		233.78		Reconciled	95,493.87	Check	8670 Dishwash expense	
11/23/2022			MERCHANT BNKCD DES:DEPOSIT ID:266371382885 INDN:THAI KITCHEN 2 CO ID:F592126793 CCD		2,418.96	Reconciled	95,727.65	Deposit	Income:CREDIT CARD	
11/22/2022	1860	KAM KEU MARKET		2,266.78		Reconciled	93,308.69	Check	Purchase:KAM KEU ASIAN MARKET	
11/22/2022	1859	SEA PRIVATE SEAFOOD		988.20		Reconciled	95,575.47	Check	Purchase:Sea Pirate Seafood	
11/22/2022	1857	X & Y PACKAGING TRADING INC		1,547.50		Reconciled	96,563.67	Check	Purchase:X & Y PACKAGING TRADING INC	
11/22/2022			MERCHANT BNKCD DES:DEPOSIT ID:266371382885 INDN:THAI KITCHEN 2 CO ID:F592126793 CCD		3,251.47	Reconciled	98,111.17	Deposit	Income:CREDIT CARD	
11/21/2022		NJ S&U WEB PMT	NJ WEB PMT 04110 DES:NJWEB04110 ID:091000012074266 INDN:COUR THAI GROUP CORPOR CO ID:7216000928 CCD PMT INFO:TXP*B843960	5,827.13		Reconciled	94,859.70	Check	6030 Sales Tax  Adjustment	
11/21/2022		PAYCHEX EIB INVOICE	PAYCHEX EIB DES:INVOICE ID:X99816300001917 INDN:COUR THAI GROUP CORPOR CO ID:1161124166 CCD	142.52		Reconciled	100,686.83	Check	8460 Payroll Processing Fees	
11/21/2022	5380	PAYROLL CHECK		554.91		Reconciled	100,829.35	Check	8400 Salaries and wages	
11/21/2022	5372	PAYROLL CHECK		554.92		Reconciled	101,384.26	Check	8400 Salaries and wages	
11/21/2022	5364	PAYROLL CHECK		554.91		Reconciled	101,939.18	Check	8400 Salaries and wages	
11/21/2022	5356	PAYROLL CHECK		554.92		Reconciled	102,494.09	Check	8400 Salaries and wages	
11/21/2022	5348	PAYROLL CHECK		554.91		Reconciled	103,049.01	Check	8400 Salaries and wages	
11/21/2022	5340	PAYROLL CHECK		554.92		Reconciled	103,603.92	Check	8400 Salaries and wages	
11/21/2022	5332	PAYROLL CHECK		554.91		Reconciled	104,158.84	Check	8400 Salaries and wages	
11/21/2022	1858	DA THAISON		2,095.00		Reconciled	104,713.75	Check	Purchase:Da Thaison Inc	
11/21/2022	1852	REPUBLIC SERVICE		208.31		Reconciled	106,808.75	Check	8880 Waste Management	
11/21/2022	1851	NJ AMERICAN WATER		779.60		Reconciled	107,017.06	Check	Utilities:Water	
11/21/2022			MERCHANT BNKCD DES:DEPOSIT ID:266371382885 INDN:THAI KITCHEN 2 CO ID:F592126793 CCD		7,311.07	Reconciled	107,796.66	Deposit	Income:CREDIT CARD	
11/21/2022			MERCHANT BNKCD DES:DEPOSIT ID:266371382885 INDN:THAI KITCHEN 2 CO ID:F592126793 CCD		3,390.13	Reconciled	100,485.59	Deposit	Income:CREDIT CARD	
11/18/2022		PAYCHEX TPS TAXES	PAYCHEX TPS DES:TAXES ID:99811600006246X INDN:COUR THAI GROUP CORPOR CO ID:1161124166 CCD	2,024.37		Reconciled	97,095.46	Check	3140 Payroll Taxes Liabilities	
11/18/2022	1853	VERIZON		181.98		Reconciled	99,119.83	Check	8840 Telephone	
11/18/2022			MERCHANT BNKCD DES:DEPOSIT ID:266371382885 INDN:THAI KITCHEN 2 CO ID:F592126793 CCD		2,527.26	Reconciled	99,301.81	Deposit	Income:CREDIT CARD	
11/18/2022			DoorDash, Inc. DES:Disabled A ID:ST-E0J8T4L8K9X2 INDN:COUR THAI LLC CO ID:4270465600 CCD		2,397.64	Reconciled	96,774.55	Deposit	Income:DoorDash	
11/17/2022	1854	HORIZON		2,445.00		Reconciled	94,376.91	Check	8150 Health Insurance	
11/17/2022			MERCHANT BNKCD DES:DEPOSIT ID:266371382885 INDN:THAI KITCHEN 2 CO ID:F592126793 CCD		3,412.29	Reconciled	96,821.91	Deposit	Income:CREDIT CARD	
11/16/2022		TOYOTA FINANCE	SETF WORLD OMNI DES:BILL PAY ID:18527225761 INDN:NULL NULL CO ID:7529064511 TEL	723.88		Reconciled	93,409.62	Check	7720 Car  Lease Expense	
11/16/2022	5386	PAYROLL CHECK		466.56		Reconciled	94,133.50	Check	8400 Salaries and wages	
11/16/2022	5385	PAYROLL CHECK		594.80		Reconciled	94,600.06	Check	8400 Salaries and wages	
11/16/2022	1850	SEA PRIVATE SEAFOOD		822.70		Reconciled	95,194.86	Check	Purchase:Sea Pirate Seafood	
11/16/2022			MERCHANT BNKCD DES:DEPOSIT ID:266371382885 INDN:THAI KITCHEN 2 CO ID:F592126793 CCD		2,161.10	Reconciled	96,017.56	Deposit	Income:CREDIT CARD	
11/15/2022	1856	KAM KEU MARKET		2,264.15		Reconciled	93,856.46	Check	Purchase:KAM KEU ASIAN MARKET	
11/15/2022			MERCHANT BNKCD DES:DEPOSIT ID:266371382885 INDN:THAI KITCHEN 2 CO ID:F592126793 CCD		1,908.55	Reconciled	96,120.61	Deposit	Income:CREDIT CARD	
11/14/2022			MERCHANT BNKCD DES:DEPOSIT ID:266371382885 INDN:THAI KITCHEN 2 CO ID:F592126793 CCD		8,774.15	Reconciled	94,212.06	Deposit	Income:CREDIT CARD	
11/14/2022			MERCHANT BNKCD DES:DEPOSIT ID:266371382885 INDN:THAI KITCHEN 2 CO ID:F592126793 CCD		2,732.63	Reconciled	85,437.91	Deposit	Income:CREDIT CARD	
11/14/2022			MERCHANT BNKCD DES:DEPOSIT ID:266371382885 INDN:THAI KITCHEN 2 CO ID:F592126793 CCD		1,770.05	Reconciled	82,705.28	Deposit	Income:CREDIT CARD	
11/14/2022			DoorDash, Inc. DES:Disabled A ID:ST-F4S9B5V7M0K9 INDN:COUR THAI LLC CO ID:4270465600 CCD		1,449.66	Reconciled	80,935.23	Deposit	Income:DoorDash	
11/10/2022			MERCHANT BNKCD DES:DEPOSIT ID:266371382885 INDN:THAI KITCHEN 2 CO ID:F592126793 CCD		2,606.84	Reconciled	79,485.57	Deposit	Income:CREDIT CARD	
11/09/2022	1849	C & S ASSOCIATES		1,365.00		Reconciled	76,878.73	Check	Rent:Dormitory	
11/09/2022			MERCHANT BNKCD DES:DEPOSIT ID:266371382885 INDN:THAI KITCHEN 2 CO ID:F592126793 CCD		2,522.34	Reconciled	78,243.73	Deposit	Income:CREDIT CARD	
11/08/2022	1846	KAM KEU MARKET		2,087.00		Reconciled	75,721.39	Check	Purchase:KAM KEU ASIAN MARKET	
11/08/2022	1845	SEA PRIVATE SEAFOOD		866.70		Reconciled	77,808.39	Check	Purchase:Sea Pirate Seafood	
11/08/2022	1843	Levin Management		12,895.77		Reconciled	78,675.09	Check	Rent:Restaurant	
11/08/2022			MERCHANT BNKCD DES:DEPOSIT ID:266371382885 INDN:THAI KITCHEN 2 CO ID:F592126793 CCD		2,052.16	Reconciled	91,570.86	Deposit	Income:CREDIT CARD	
11/07/2022		PAYCHEX EIB INVOICE	PAYCHEX EIB DES:INVOICE ID:X99632500011468 INDN:COUR THAI GROUP CORPOR CO ID:1161124166 CCD	148.04		Reconciled	89,518.70	Check	8460 Payroll Processing Fees	
11/07/2022	5406	PAYROLL CHECK		658.91		Reconciled	89,666.74	Check	8400 Salaries and wages	
11/07/2022	5398	PAYROLL CHECK		658.91		Reconciled	90,325.65	Check	8400 Salaries and wages	
11/07/2022	5390	PAYROLL CHECK		658.91		Reconciled	90,984.56	Check	8400 Salaries and wages	
11/07/2022	5375	PAYROLL CHECK		2,031.56		Reconciled	91,643.47	Check	8400 Salaries and wages	
11/07/2022	1848	LAI F CHONG		12,000.00		Reconciled	93,675.03	Check	8430 Payroll - Tips	
11/07/2022	1847	DA THAISON		1,048.00		Reconciled	105,675.03	Check	Purchase:Da Thaison Inc	
11/07/2022			MERCHANT BNKCD DES:DEPOSIT ID:266371382885 INDN:THAI KITCHEN 2 CO ID:F592126793 CCD		6,418.78	Reconciled	106,723.03	Deposit	Income:CREDIT CARD	
11/07/2022			MERCHANT BNKCD DES:DEPOSIT ID:266371382885 INDN:THAI KITCHEN 2 CO ID:F592126793 CCD		4,301.92	Reconciled	100,304.25	Deposit	Income:CREDIT CARD	
11/04/2022		PAYCHEX TPS TAXES	PAYCHEX TPS DES:TAXES ID:99627700006580X INDN:COUR THAI GROUP CORPOR CO ID:1161124166 CCD	2,134.09		Reconciled	96,002.33	Check	3140 Payroll Taxes Liabilities	
11/04/2022			MERCHANT BNKCD DES:DEPOSIT ID:266371382885 INDN:THAI KITCHEN 2 CO ID:F592126793 CCD		2,107.42	Reconciled	98,136.42	Deposit	Income:CREDIT CARD	
11/04/2022			DoorDash, Inc. DES:Disabled A ID:ST-A0Q8W0K2A5K2 INDN:COUR THAI LLC CO ID:4270465600 CCD		1,721.26	Reconciled	96,029.00	Deposit	Income:DoorDash	
11/03/2022		BOA CC PMT	Online Banking payment to CRD 0241 Confirmation# 1547571585	4,566.72		Reconciled	94,307.74	Check	3400 BOA #0241	
11/03/2022		MERCHANT BANKCD	MERCHANT BNKCD DES:DEPOSIT ID:266371382885 INDN:THAI KITCHEN 2 CO ID:F592126793 CCD	3,156.83		Reconciled	98,874.46	Check	7750 Credit Card Processing Fee	
11/03/2022			MERCHANT BNKCD DES:DEPOSIT ID:266371382885 INDN:THAI KITCHEN 2 CO ID:F592126793 CCD		2,076.80	Reconciled	102,031.29	Deposit	Income:CREDIT CARD	
11/02/2022			MERCHANT BNKCD DES:DEPOSIT ID:266371382885 INDN:THAI KITCHEN 2 CO ID:F592126793 CCD		2,081.45	Reconciled	99,954.49	Deposit	Income:CREDIT CARD	
11/01/2022	1844	KAM KEU MARKET		2,822.35		Reconciled	97,873.04	Check	Purchase:KAM KEU ASIAN MARKET	
11/01/2022	1842	DA THAISON		2,485.00		Reconciled	100,695.39	Check	Purchase:Da Thaison Inc	
11/01/2022			MERCHANT BNKCD DES:DEPOSIT ID:266371382885 INDN:THAI KITCHEN 2 CO ID:F592126793 CCD		2,282.92	Reconciled	103,180.39	Deposit	Income:CREDIT CARD	
10/31/2022	5374	PAYROLL CHECK		611.63		Reconciled	100,897.47	Check	8400 Salaries and wages	
10/31/2022	5363	PAYROLL CHECK		607.65		Reconciled	101,509.10	Check	8400 Salaries and wages	
10/31/2022	5355	PAYROLL CHECK		631.35		Reconciled	102,116.75	Check	8400 Salaries and wages	
10/31/2022	5347	PAYROLL CHECK		602.84		Reconciled	102,748.10	Check	8400 Salaries and wages	
10/31/2022	5339	PAYROLL CHECK		570.76		Reconciled	103,350.94	Check	8400 Salaries and wages	
10/31/2022	5331	PAYROLL CHECK		622.85		Reconciled	103,921.70	Check	8400 Salaries and wages	
10/31/2022			MERCHANT BNKCD DES:DEPOSIT ID:266371382885 INDN:THAI KITCHEN 2 CO ID:F592126793 CCD		6,286.66	Reconciled	104,544.55	Deposit	Income:CREDIT CARD	
10/31/2022			MERCHANT BNKCD DES:DEPOSIT ID:266371382885 INDN:THAI KITCHEN 2 CO ID:F592126793 CCD		5,096.42	Reconciled	98,257.89	Deposit	Income:CREDIT CARD	
10/28/2022	1840	STATE OF NJ		27.50		Reconciled	93,161.47	Check	8440 Payroll Taxes	
10/28/2022			MERCHANT BNKCD DES:DEPOSIT ID:266371382885 INDN:THAI KITCHEN 2 CO ID:F592126793 CCD		3,630.39	Reconciled	93,188.97	Deposit	Income:CREDIT CARD	
10/28/2022			DoorDash, Inc. DES:Disabled A ID:ST-B3I6C2W2J8R2 INDN:COUR THAI LLC CO ID:4270465600 CCD		2,090.95	Reconciled	89,558.58	Deposit	Income:DoorDash	
10/27/2022	5378	PAYROLL CHECK		466.56		Reconciled	87,467.63	Check	8400 Salaries and wages	
10/27/2022	5377	PAYROLL CHECK		594.80		Reconciled	87,934.19	Check	8400 Salaries and wages	
10/27/2022			MERCHANT BNKCD DES:DEPOSIT ID:266371382885 INDN:THAI KITCHEN 2 CO ID:F592126793 CCD		3,252.23	Reconciled	88,528.99	Deposit	Income:CREDIT CARD	
10/26/2022	1832	DA THAISON		1,076.60		Reconciled	85,276.76	Check	Purchase:Da Thaison Inc	
10/26/2022			MERCHANT BNKCD DES:DEPOSIT ID:266371382885 INDN:THAI KITCHEN 2 CO ID:F592126793 CCD		2,285.21	Reconciled	86,353.36	Deposit	Income:CREDIT CARD	
10/25/2022	1841	KAM KEU MARKET		2,629.95		Reconciled	84,068.15	Check	Purchase:KAM KEU ASIAN MARKET	
10/25/2022			MERCHANT BNKCD DES:DEPOSIT ID:266371382885 INDN:THAI KITCHEN 2 CO ID:F592126793 CCD		2,047.12	Reconciled	86,698.10	Deposit	Income:CREDIT CARD	
10/24/2022		PAYCHEX EIB INVOICE	PAYCHEX EIB DES:INVOICE ID:X99444000003605 INDN:COUR THAI GROUP CORPOR CO ID:1161124166 CCD	148.04		Reconciled	84,650.98	Check	8460 Payroll Processing Fees	
10/24/2022	5376	PAYROLL CHECK		698.78		Reconciled	84,799.02	Check	8400 Salaries and wages	
10/24/2022	5368	PAYROLL CHECK		698.79		Reconciled	85,497.80	Check	8400 Salaries and wages	
10/24/2022	5367	PAYROLL CHECK		1,854.63		Reconciled	86,196.59	Check	8400 Salaries and wages	
10/24/2022	5360	PAYROLL CHECK		698.78		Reconciled	88,051.22	Check	8400 Salaries and wages	
10/24/2022	1838	LAI F CHONG		5,000.00		Reconciled	88,750.00	Check	4520 Loan officer	
10/24/2022					1,430.00	Reconciled	93,750.00	Deposit	Income:Cash	
10/24/2022			MERCHANT BNKCD DES:DEPOSIT ID:266371382885 INDN:THAI KITCHEN 2 CO ID:F592126793 CCD		7,288.31	Reconciled	92,320.00	Deposit	Income:CREDIT CARD	
10/24/2022			MERCHANT BNKCD DES:DEPOSIT ID:266371382885 INDN:THAI KITCHEN 2 CO ID:F592126793 CCD		2,404.57	Reconciled	85,031.69	Deposit	Income:CREDIT CARD	
10/21/2022		PAYCHEX TPS TAXES	PAYCHEX TPS DES:TAXES ID:99439400006011X INDN:COUR THAI GROUP CORPOR CO ID:1161124166 CCD	2,046.11		Reconciled	82,627.12	Check	3140 Payroll Taxes Liabilities	
10/21/2022	1835	NJ AMERICAN WATER		1,548.47		Reconciled	84,673.23	Check	Utilities:Water	
10/21/2022	1822	ECOLAB		151.74		Reconciled	86,221.70	Check	8870 Pest Control	
10/21/2022			MERCHANT BNKCD DES:DEPOSIT ID:266371382885 INDN:THAI KITCHEN 2 CO ID:F592126793 CCD		3,793.17	Reconciled	86,373.44	Deposit	Income:CREDIT CARD	
10/21/2022			DoorDash, Inc. DES:Disabled A ID:ST-B6Z1I6K8V9T1 INDN:COUR THAI LLC CO ID:4270465600 CCD		1,090.31	Reconciled	82,580.27	Deposit	Income:DoorDash	
10/20/2022		NJ S&U WEB PMT	NJ S&U WEB PMT DES:NJWEB55 ID:091000011732383 INDN:COUR THAI GROUP CORPOR CO ID:7216000928 CCD PMT INFO:TXP*B8439605	5,624.03		Reconciled	81,489.96	Check	6030 Sales Tax  Adjustment	
10/20/2022		PAYCHEX TPS TAXES	PAYCHEX TPS DES:TAXES ID:99410800047308X INDN:COUR THAI GROUP CORPOR CO ID:1161124166 CCD	103.66		Reconciled	87,113.99	Check	3140 Payroll Taxes Liabilities	
10/20/2022	1836	REPUBLIC SERVICE		207.62		Reconciled	87,217.65	Check	8880 Waste Management	
10/20/2022	1803	HORIZON		1,222.53		Reconciled	87,425.27	Check	8150 Health Insurance	
10/20/2022			MERCHANT BNKCD DES:DEPOSIT ID:266371382885 INDN:THAI KITCHEN 2 CO ID:F592126793 CCD		2,740.51	Reconciled	88,647.80	Deposit	Income:CREDIT CARD	
10/19/2022	1829	SEA PRIVATE SEAFOOD		1,064.80		Reconciled	85,907.29	Check	Purchase:Sea Pirate Seafood	
10/19/2022			MERCHANT BNKCD DES:DEPOSIT ID:266371382885 INDN:THAI KITCHEN 2 CO ID:F592126793 CCD		2,060.20	Reconciled	86,972.09	Deposit	Income:CREDIT CARD	
10/18/2022	1837	KAM KEU MARKET		2,438.05		Reconciled	84,911.89	Check	Purchase:KAM KEU ASIAN MARKET	
10/18/2022	1834	PSE&G		2,682.87		Reconciled	87,349.94	Check	Utilities:Gas and Electric	
10/18/2022			MERCHANT BNKCD DES:DEPOSIT ID:266371382885 INDN:THAI KITCHEN 2 CO ID:F592126793 CCD		3,203.52	Reconciled	90,032.81	Deposit	Income:CREDIT CARD	
10/17/2022		TOYOTA FINANCE	SETF WORLD OMNI DES:BILL PAY ID:11033142641 INDN:NULL NULL CO ID:7529064511 TEL	723.88		Reconciled	86,829.29	Check	7720 Car  Lease Expense	
10/17/2022	1833	LAI F CHONG		6,000.00		Reconciled	87,553.17	Check	4520 Loan officer	
10/17/2022			MERCHANT BNKCD DES:DEPOSIT ID:266371382885 INDN:THAI KITCHEN 2 CO ID:F592126793 CCD		6,066.73	Reconciled	93,553.17	Deposit	Income:CREDIT CARD	
10/17/2022			MERCHANT BNKCD DES:DEPOSIT ID:266371382885 INDN:THAI KITCHEN 2 CO ID:F592126793 CCD		4,567.67	Reconciled	87,486.44	Deposit	Income:CREDIT CARD	
10/14/2022			MERCHANT BNKCD DES:DEPOSIT ID:266371382885 INDN:THAI KITCHEN 2 CO ID:F592126793 CCD		2,854.44	Reconciled	82,918.77	Deposit	Income:CREDIT CARD	
10/14/2022			DoorDash, Inc. DES:Disabled A ID:ST-T4G4C3N4L7Z1 INDN:COUR THAI LLC CO ID:4270465600 CCD		1,658.48	Reconciled	80,064.33	Deposit	Income:DoorDash	
10/13/2022			MERCHANT BNKCD DES:DEPOSIT ID:266371382885 INDN:THAI KITCHEN 2 CO ID:F592126793 CCD		2,742.50	Reconciled	78,405.85	Deposit	Income:CREDIT CARD	
10/12/2022	1831	C & S ASSOCIATES		1,365.00		Reconciled	75,663.35	Check	Rent:Dormitory	
10/12/2022	1828	DA THAISON		1,095.50		Reconciled	77,028.35	Check	Purchase:Da Thaison Inc	
10/12/2022	1824	Levin Management		12,895.77		Reconciled	78,123.85	Check	Rent:Restaurant	
10/12/2022			MERCHANT BNKCD DES:DEPOSIT ID:266371382885 INDN:THAI KITCHEN 2 CO ID:F592126793 CCD		2,170.32	Reconciled	91,019.62	Deposit	Income:CREDIT CARD	
10/11/2022		PAYCHEX EIB INVOICE	PAYCHEX EIB DES:INVOICE ID:X99261100014117 INDN:COUR THAI GROUP CORPOR CO ID:1161124166 CCD	162.04		Reconciled	88,849.30	Check	8460 Payroll Processing Fees	
10/11/2022	5382	PAYROLL CHECK		658.91		Reconciled	89,011.34	Check	8400 Salaries and wages	
10/11/2022	5374	PAYROLL CHECK		658.91		Reconciled	89,670.25	Check	8400 Salaries and wages	
10/11/2022	5366	PAYROLL CHECK		658.91		Reconciled	90,329.16	Check	8400 Salaries and wages	
10/11/2022	5359	PAYROLL CHECK		1,832.97		Reconciled	90,988.07	Check	8400 Salaries and wages	
10/11/2022	5358	PAYROLL CHECK		658.91		Reconciled	92,821.04	Check	8400 Salaries and wages	
10/11/2022	1830	KAM KEU MARKET		2,877.95		Reconciled	93,479.95	Check	Purchase:KAM KEU ASIAN MARKET	
10/11/2022	1825	X & Y PACKAGING TRADING INC		1,117.00		Reconciled	96,357.90	Check	Purchase:X & Y PACKAGING TRADING INC	
10/11/2022			MERCHANT BNKCD DES:DEPOSIT ID:266371382885 INDN:THAI KITCHEN 2 CO ID:F592126793 CCD		6,654.96	Reconciled	97,474.90	Deposit	Income:CREDIT CARD	
10/11/2022			MERCHANT BNKCD DES:DEPOSIT ID:266371382885 INDN:THAI KITCHEN 2 CO ID:F592126793 CCD		3,590.10	Reconciled	90,819.94	Deposit	Income:CREDIT CARD	
10/11/2022			MERCHANT BNKCD DES:DEPOSIT ID:266371382885 INDN:THAI KITCHEN 2 CO ID:F592126793 CCD		2,360.54	Reconciled	87,229.84	Deposit	Income:CREDIT CARD	
10/07/2022		PAYCHEX TPS TAXES	PAYCHEX TPS DES:TAXES ID:99254300006464X INDN:COUR THAI GROUP CORPOR CO ID:1161124166 CCD	2,018.66		Reconciled	84,869.30	Check	3140 Payroll Taxes Liabilities	
10/07/2022	1827	DM CLEANING UP SERVICES LLC		481.00		Reconciled	86,887.96	Check	8660 Repairs & maintenance	
10/07/2022	1826	KAM KEU MARKET		2,427.95		Reconciled	87,368.96	Check	Purchase:KAM KEU ASIAN MARKET	
10/07/2022			MERCHANT BNKCD DES:DEPOSIT ID:266371382885 INDN:THAI KITCHEN 2 CO ID:F592126793 CCD		2,722.04	Reconciled	89,796.91	Deposit	Income:CREDIT CARD	
10/07/2022			DoorDash, Inc. DES:Disabled A ID:ST-W1A0Q4S8R3Z8 INDN:COUR THAI LLC CO ID:4270465600 CCD		2,020.73	Reconciled	87,074.87	Deposit	Income:DoorDash	
10/06/2022	5370	PAYROLL CHECK		466.56		Reconciled	85,054.14	Check	8400 Salaries and wages	
10/06/2022	5369	PAYROLL CHECK		594.80		Reconciled	85,520.70	Check	8400 Salaries and wages	
10/06/2022	5362	PAYROLL CHECK		466.56		Reconciled	86,115.50	Check	8400 Salaries and wages	
10/06/2022	5361	PAYROLL CHECK		594.80		Reconciled	86,582.06	Check	8400 Salaries and wages	
10/06/2022			MERCHANT BNKCD DES:DEPOSIT ID:266371382885 INDN:THAI KITCHEN 2 CO ID:F592126793 CCD		2,708.38	Reconciled	87,176.86	Deposit	Income:CREDIT CARD	
10/05/2022	1821	DA THAISON		1,154.50		Reconciled	84,468.48	Check	Purchase:Da Thaison Inc	
10/05/2022			MERCHANT BNKCD DES:DEPOSIT ID:266371382885 INDN:THAI KITCHEN 2 CO ID:F592126793 CCD		2,387.52	Reconciled	85,622.98	Deposit	Income:CREDIT CARD	
10/04/2022		BOA CC PMT	Online Banking payment to CRD 0241 Confirmation# 0188642808	2,903.46		Reconciled	83,235.46	Check	3400 BOA #0241	
10/04/2022	1823	AUTO CHLOR SYSTEM		233.78		Reconciled	86,138.92	Check	8670 Dishwash expense	
10/04/2022	1816	LAI F CHONG		8,000.00		Reconciled	86,372.70	Check	4520 Loan officer	
10/04/2022			MERCHANT BNKCD DES:DEPOSIT ID:266371382885 INDN:THAI KITCHEN 2 CO ID:F592126793 CCD		2,011.65	Reconciled	94,372.70	Deposit	Income:CREDIT CARD	
10/03/2022		MERCHANT BANKCD	MERCHANT BNKCD DES:DEPOSIT ID:266371382885 INDN:THAI KITCHEN 2 CO ID:F592126793 CCD	2,752.02		Reconciled	92,361.05	Check	7750 Credit Card Processing Fee	
10/03/2022	5352	PAYROLL CHECK		698.79		Reconciled	95,113.07	Check	8400 Salaries and wages	
10/03/2022	5351	PAYROLL CHECK		2,044.32		Reconciled	95,811.86	Check	8400 Salaries and wages	
10/03/2022	5344	PAYROLL CHECK		698.78		Reconciled	97,856.18	Check	8400 Salaries and wages	
10/03/2022	5336	PAYROLL CHECK		698.79		Reconciled	98,554.96	Check	8400 Salaries and wages	
10/03/2022	5328	PAYROLL CHECK		698.78		Reconciled	99,253.75	Check	8400 Salaries and wages	
10/03/2022	1815	TOUCH PLUS	MEMO	400.00		Reconciled	99,952.53	Check	8300 Office Supplies	
10/03/2022			MERCHANT BNKCD DES:DEPOSIT ID:266371382885 INDN:THAI KITCHEN 2 CO ID:F592126793 CCD		6,767.25	Reconciled	100,352.53	Deposit	Income:CREDIT CARD	
10/03/2022			MERCHANT BNKCD DES:DEPOSIT ID:266371382885 INDN:THAI KITCHEN 2 CO ID:F592126793 CCD		3,663.50	Reconciled	93,585.28	Deposit	Income:CREDIT CARD	
09/30/2022			MERCHANT BNKCD DES:DEPOSIT ID:266371382885 INDN:THAI KITCHEN 2 CO ID:F592126793 CCD		3,186.38	Reconciled	89,921.78	Deposit	Income:CREDIT CARD	
09/30/2022			DoorDash, Inc. DES:Disabled A ID:ST-Y2U5M6Y1O5D5 INDN:COUR THAI LLC CO ID:4270465600 CCD		1,477.03	Reconciled	86,735.40	Deposit	Income:DoorDash	
09/29/2022	5350	PAYROLL CHECK		658.91		Reconciled	85,258.37	Check	8400 Salaries and wages	
09/29/2022	5343	PAYROLL CHECK		1,891.92		Reconciled	85,917.28	Check	8400 Salaries and wages	
09/29/2022	5342	PAYROLL CHECK		658.91		Reconciled	87,809.20	Check	8400 Salaries and wages	
09/29/2022	5335	PAYROLL CHECK		1,830.93		Reconciled	88,468.11	Check	8400 Salaries and wages	
09/29/2022	5334	PAYROLL CHECK		658.91		Reconciled	90,299.04	Check	8400 Salaries and wages	
09/29/2022	5326	PAYROLL CHECK		658.91		Reconciled	90,957.95	Check	8400 Salaries and wages	
09/29/2022			MERCHANT BNKCD DES:DEPOSIT ID:266371382885 INDN:THAI KITCHEN 2 CO ID:F592126793 CCD		2,465.97	Reconciled	91,616.86	Deposit	Income:CREDIT CARD	
09/28/2022			MERCHANT BNKCD DES:DEPOSIT ID:266371382885 INDN:THAI KITCHEN 2 CO ID:F592126793 CCD		1,840.17	Reconciled	89,150.89	Deposit	Income:CREDIT CARD	
09/27/2022	1820	KAM KEU MARKET		2,718.00		Reconciled	87,310.72	Check	Purchase:KAM KEU ASIAN MARKET	
09/27/2022	1819	SEA PRIVATE SEAFOOD		971.10		Reconciled	90,028.72	Check	Purchase:Sea Pirate Seafood	
09/27/2022			MERCHANT BNKCD DES:DEPOSIT ID:266371382885 INDN:THAI KITCHEN 2 CO ID:F592126793 CCD		2,507.99	Reconciled	90,999.82	Deposit	Income:CREDIT CARD	
09/26/2022	1817	DA THAISON		1,642.00		Reconciled	88,491.83	Check	Purchase:Da Thaison Inc	
09/26/2022			MERCHANT BNKCD DES:DEPOSIT ID:266371382885 INDN:THAI KITCHEN 2 CO ID:F592126793 CCD		9,949.10	Reconciled	90,133.83	Deposit	Income:CREDIT CARD	
09/23/2022		PAYCHEX TPS TAXES	PAYCHEX TPS DES:TAXES ID:99053000024271X INDN:COUR THAI GROUP CORPOR CO ID:1161124166 CCD	1,969.43		Reconciled	80,184.73	Check	3140 Payroll Taxes Liabilities	
09/23/2022		PAYCHEX EIB INVOICE	PAYCHEX EIB DES:INVOICE ID:X99058700003279 INDN:COUR THAI GROUP CORPOR CO ID:1161124166 CCD	148.04		Reconciled	82,154.16	Check	8460 Payroll Processing Fees	
09/23/2022	1812	DA THAISON		1,247.00		Reconciled	82,302.20	Check	Purchase:Da Thaison Inc	
09/23/2022	1811	ECOLAB		303.48		Reconciled	83,549.20	Check	8870 Pest Control	
09/23/2022			MERCHANT BNKCD DES:DEPOSIT ID:266371382885 INDN:THAI KITCHEN 2 CO ID:F592126793 CCD		3,250.79	Reconciled	83,852.68	Deposit	Income:CREDIT CARD	
09/23/2022			DoorDash, Inc. DES:Disabled A ID:ST-Y5A1A4S7R0F5 INDN:COUR THAI LLC CO ID:4270465600 CCD		2,148.95	Reconciled	80,601.89	Deposit	Income:DoorDash	
09/22/2022	1809	VERIZON		183.68		Reconciled	78,452.94	Check	8840 Telephone	
09/22/2022			MERCHANT BNKCD DES:DEPOSIT ID:266371382885 INDN:THAI KITCHEN 2 CO ID:F592126793 CCD		2,309.96	Reconciled	78,636.62	Deposit	Income:CREDIT CARD	
09/21/2022		NJ S&U WEB PMT	NJ WEB PMT 04110 DES:NJWEB04110 ID:091000011497305 INDN:COUR THAI GROUP CORPOR CO ID:7216000928 CCD PMT INFO:TXP*B843960	5,401.68		Reconciled	76,326.66	Check	6030 Sales Tax  Adjustment	
09/21/2022	1814	SEA PRIVATE SEAFOOD		789.70		Reconciled	81,728.34	Check	Purchase:Sea Pirate Seafood	
09/21/2022	1799	AUTO CHLOR SYSTEM		233.00		Reconciled	82,518.04	Check	8670 Dishwash expense	
09/21/2022			MERCHANT BNKCD DES:DEPOSIT ID:266371382885 INDN:THAI KITCHEN 2 CO ID:F592126793 CCD		3,278.62	Reconciled	82,751.04	Deposit	Income:CREDIT CARD	
09/20/2022	1813	KAM KEU MARKET		2,718.10		Reconciled	79,472.42	Check	Purchase:KAM KEU ASIAN MARKET	
09/20/2022	1810	PSE&G		1,972.02		Reconciled	82,190.52	Check	Utilities:Gas and Electric	
09/20/2022			MERCHANT BNKCD DES:DEPOSIT ID:266371382885 INDN:THAI KITCHEN 2 CO ID:F592126793 CCD		2,434.26	Reconciled	84,162.54	Deposit	Income:CREDIT CARD	
09/19/2022	1808	LAI F CHONG		8,000.00		Reconciled	81,728.28	Check	4520 Loan officer	
09/19/2022			MERCHANT BNKCD DES:DEPOSIT ID:266371382885 INDN:THAI KITCHEN 2 CO ID:F592126793 CCD		6,097.04	Reconciled	89,728.28	Deposit	Income:CREDIT CARD	
09/19/2022			MERCHANT BNKCD DES:DEPOSIT ID:266371382885 INDN:THAI KITCHEN 2 CO ID:F592126793 CCD		2,381.46	Reconciled	83,631.24	Deposit	Income:CREDIT CARD	
09/19/2022			MERCHANT BNKCD DES:DEPOSIT ID:266371382885 INDN:THAI KITCHEN 2 CO ID:F592126793 CCD		931.01	Reconciled	81,249.78	Deposit	Income:CREDIT CARD	
09/16/2022		TOYOTA FINANCE	SETF WORLD OMNI DES:BILL PAY ID:12828532871 INDN:NULL NULL CO ID:7529064511 TEL	723.88		Reconciled	80,318.77	Check	7720 Car  Lease Expense	
09/16/2022	5357	PAYROLL CHECK		665.95		Reconciled	81,042.65	Check	8400 Salaries and wages	
09/16/2022	5349	PAYROLL CHECK		627.51		Reconciled	81,708.60	Check	8400 Salaries and wages	
09/16/2022	5341	PAYROLL CHECK		618.87		Reconciled	82,336.11	Check	8400 Salaries and wages	
09/16/2022	5333	PAYROLL CHECK		671.58		Reconciled	82,954.98	Check	8400 Salaries and wages	
09/16/2022	5325	PAYROLL CHECK		635.50		Reconciled	83,626.56	Check	8400 Salaries and wages	
09/16/2022	5317	PAYROLL CHECK		626.71		Reconciled	84,262.06	Check	8400 Salaries and wages	
09/16/2022	1807	KAM KEU MARKET		3,270.80		Reconciled	84,888.77	Check	Purchase:KAM KEU ASIAN MARKET	
09/16/2022			MERCHANT BNKCD DES:DEPOSIT ID:266371382885 INDN:THAI KITCHEN 2 CO ID:F592126793 CCD		3,376.93	Reconciled	88,159.57	Deposit	Income:CREDIT CARD	
09/16/2022			DoorDash, Inc. DES:Disabled A ID:ST-A8S0H8G3K1D5 INDN:COUR THAI LLC CO ID:4270465600 CCD		1,769.39	Reconciled	84,782.64	Deposit	Income:DoorDash	
09/15/2022		NJ WEB PMT	NJ WEB PMT 02101 DES:NJWEB02101 ID:091000011367109 INDN:COUR THAI GROUP CORPOR CO ID:7216000928 CCD PMT INFO:TXP*B843960	5,003.00		Reconciled	83,013.25	Check	8580 NJ CBT Tax	
09/15/2022			MERCHANT BNKCD DES:DEPOSIT ID:266371382885 INDN:THAI KITCHEN 2 CO ID:F592126793 CCD		2,452.22	Reconciled	88,016.25	Deposit	Income:CREDIT CARD	
09/14/2022	1806	C & S ASSOCIATES		1,365.00		Reconciled	85,564.03	Check	Rent:Dormitory	
09/14/2022	1805	DA THAISON		1,107.10		Reconciled	86,929.03	Check	Purchase:Da Thaison Inc	
09/14/2022			MERCHANT BNKCD DES:DEPOSIT ID:266371382885 INDN:THAI KITCHEN 2 CO ID:F592126793 CCD		2,487.83	Reconciled	88,036.13	Deposit	Income:CREDIT CARD	
09/13/2022			MERCHANT BNKCD DES:DEPOSIT ID:266371382885 INDN:THAI KITCHEN 2 CO ID:F592126793 CCD		2,316.80	Reconciled	85,548.30	Deposit	Income:CREDIT CARD	
09/12/2022	5327	PAYROLL CHECK		2,184.84		Reconciled	83,231.50	Check	8400 Salaries and wages	
09/12/2022	5323	PAYROLL CHECK		597.06		Reconciled	85,416.34	Check	8400 Salaries and wages	
09/12/2022	5315	PAYROLL CHECK		608.51		Reconciled	86,013.40	Check	8400 Salaries and wages	
09/12/2022	5307	PAYROLL CHECK		695.19		Reconciled	86,621.91	Check	8400 Salaries and wages	
09/12/2022	1804	Levin Management		12,895.77		Reconciled	87,317.10	Check	Rent:Restaurant	
09/12/2022			MERCHANT BNKCD DES:DEPOSIT ID:266371382885 INDN:THAI KITCHEN 2 CO ID:F592126793 CCD		6,480.76	Reconciled	100,212.87	Deposit	Income:CREDIT CARD	
09/12/2022			MERCHANT BNKCD DES:DEPOSIT ID:266371382885 INDN:THAI KITCHEN 2 CO ID:F592126793 CCD		4,057.98	Reconciled	93,732.11	Deposit	Income:CREDIT CARD	
09/09/2022		PAYCHEX TPS TAXES	PAYCHEX TPS DES:TAXES ID:98856200026850X INDN:COUR THAI GROUP CORPOR CO ID:1161124166 CCD	1,847.31		Reconciled	89,674.13	Check	3140 Payroll Taxes Liabilities	
09/09/2022		PAYCHEX EIB INVOICE	PAYCHEX EIB DES:INVOICE ID:X98867900013566 INDN:COUR THAI GROUP CORPOR CO ID:1161124166 CCD	148.04		Reconciled	91,521.44	Check	8460 Payroll Processing Fees	
09/09/2022			MERCHANT BNKCD DES:DEPOSIT ID:266371382885 INDN:THAI KITCHEN 2 CO ID:F592126793 CCD		1,572.63	Reconciled	91,669.48	Deposit	Income:CREDIT CARD	
09/09/2022			DoorDash, Inc. DES:Disabled A ID:ST-I1N4G4Z2V5D6 INDN:COUR THAI LLC CO ID:4270465600 CCD		1,295.12	Reconciled	90,096.85	Deposit	Income:DoorDash	
09/08/2022	5319	PAYROLL CHECK		2,106.25		Reconciled	88,801.73	Check	8400 Salaries and wages	
09/08/2022	5318	PAYROLL CHECK		658.91		Reconciled	90,907.98	Check	8400 Salaries and wages	
09/08/2022	5310	PAYROLL CHECK		658.91		Reconciled	91,566.89	Check	8400 Salaries and wages	
09/08/2022	5302	PAYROLL CHECK		658.91		Reconciled	92,225.80	Check	8400 Salaries and wages	
09/08/2022	1797	DK HEATING		954.30		Reconciled	92,884.71	Check	8660 Repairs & maintenance	
09/08/2022			MERCHANT BNKCD DES:DEPOSIT ID:266371382885 INDN:THAI KITCHEN 2 CO ID:F592126793 CCD		3,023.46	Reconciled	93,839.01	Deposit	Income:CREDIT CARD	
09/07/2022	1802	DA THAISON		1,248.00		Reconciled	90,815.55	Check	Purchase:Da Thaison Inc	
09/07/2022			MERCHANT BNKCD DES:DEPOSIT ID:266371382885 INDN:THAI KITCHEN 2 CO ID:F592126793 CCD		2,724.26	Reconciled	92,063.55	Deposit	Income:CREDIT CARD	
09/06/2022		BOA CC PMT	Online Banking payment to CRD 0241 Confirmation# 1538069626	5,209.87		Reconciled	89,339.29	Check	3400 BOA #0241	
09/06/2022		MERCHANT BANKCD	MERCHANT BNKCD DES:DEPOSIT ID:266371382885 INDN:THAI KITCHEN 2 CO ID:F592126793 CCD	2,807.04		Reconciled	94,549.16	Check	7750 Credit Card Processing Fee	
09/06/2022	1801	KAM KEU MARKET		2,819.40		Reconciled	97,356.20	Check	Purchase:KAM KEU ASIAN MARKET	
09/06/2022	1800	SEA PRIVATE SEAFOOD		376.10		Reconciled	100,175.60	Check	Purchase:Sea Pirate Seafood	
09/06/2022			MERCHANT BNKCD DES:DEPOSIT ID:266371382885 INDN:THAI KITCHEN 2 CO ID:F592126793 CCD		5,426.98	Reconciled	100,551.70	Deposit	Income:CREDIT CARD	
09/06/2022			MERCHANT BNKCD DES:DEPOSIT ID:266371382885 INDN:THAI KITCHEN 2 CO ID:F592126793 CCD		4,788.95	Reconciled	95,124.72	Deposit	Income:CREDIT CARD	
09/06/2022			MERCHANT BNKCD DES:DEPOSIT ID:266371382885 INDN:THAI KITCHEN 2 CO ID:F592126793 CCD		3,297.62	Reconciled	90,335.77	Deposit	Income:CREDIT CARD	
09/02/2022		BOA CC PMT	Online Banking payment to CRD 3563 Confirmation# 0111537022	494.18		Reconciled	87,038.15	Check	3410 BOA #3563/#7321	
09/02/2022			MERCHANT BNKCD DES:DEPOSIT ID:266371382885 INDN:THAI KITCHEN 2 CO ID:F592126793 CCD		2,089.13	Reconciled	87,532.33	Deposit	Income:CREDIT CARD	
09/02/2022			DoorDash, Inc. DES:Disabled A ID:ST-G2L0K7Q8O9Z4 INDN:COUR THAI LLC CO ID:4270465600 CCD		1,780.60	Reconciled	85,443.20	Deposit	Income:DoorDash	
09/01/2022			MERCHANT BNKCD DES:DEPOSIT ID:266371382885 INDN:THAI KITCHEN 2 CO ID:F592126793 CCD		2,446.29	Reconciled	83,662.60	Deposit	Income:CREDIT CARD	
08/31/2022	1794	DA THAISON		1,088.40		Reconciled	81,216.31	Check	Purchase:Da Thaison Inc	
08/31/2022	1788	NJ AMERICAN WATER		150.66		Reconciled	82,304.71	Check	Utilities:Water	
08/31/2022			MERCHANT BNKCD DES:DEPOSIT ID:266371382885 INDN:THAI KITCHEN 2 CO ID:F592126793 CCD		2,556.39	Reconciled	82,455.37	Deposit	Income:CREDIT CARD	
08/30/2022		PAYCHEX EIB INVOICE	PAYCHEX EIB DES:INVOICE ID:X98725400003316 INDN:COUR THAI GROUP CORPOR CO ID:1161124166 CCD	148.04		Reconciled	79,898.98	Check	8460 Payroll Processing Fees	
08/30/2022	5354	PAYROLL CHECK		466.56		Reconciled	80,047.02	Check	8400 Salaries and wages	
08/30/2022	5353	PAYROLL CHECK		594.80		Reconciled	80,513.58	Check	8400 Salaries and wages	
08/30/2022	5346	PAYROLL CHECK		466.56		Reconciled	81,108.38	Check	8400 Salaries and wages	
08/30/2022	5345	PAYROLL CHECK		594.80		Reconciled	81,574.94	Check	8400 Salaries and wages	
08/30/2022	1798	KAM KEU MARKET		3,087.10		Reconciled	82,169.74	Check	Purchase:KAM KEU ASIAN MARKET	
08/30/2022	1796	SEA PRIVATE SEAFOOD		521.90		Reconciled	85,256.84	Check	Purchase:Sea Pirate Seafood	
08/30/2022	1793	KAM KEU MARKET		3,108.45		Reconciled	85,778.74	Check	Purchase:KAM KEU ASIAN MARKET	
08/30/2022			MERCHANT BNKCD DES:DEPOSIT ID:266371382885 INDN:THAI KITCHEN 2 CO ID:F592126793 CCD		1,814.83	Reconciled	88,887.19	Deposit	Income:CREDIT CARD	
08/29/2022		PAYCHEX TPS TAXES	PAYCHEX TPS DES:TAXES ID:98710500001843X INDN:COUR THAI GROUP CORPOR CO ID:1161124166 CCD	1,823.99		Reconciled	87,072.36	Check	3140 Payroll Taxes Liabilities	
08/29/2022		TOYOTA FINANCE	SETF WORLD OMNI DES:BILL PAY ID:10927464261 INDN:NULL NULL CO ID:7529064511 TEL	760.07		Reconciled	88,896.35	Check	7720 Car  Lease Expense	
08/29/2022	1795	LAI F CHONG		16,000.00		Reconciled	89,656.42	Check	8430 Payroll - Tips	
08/29/2022	1786	HORIZON		2,445.06		Reconciled	105,656.42	Check	8150 Health Insurance	
08/29/2022	1785	REPUBLIC SERVICE		405.02		Reconciled	108,101.48	Check	8880 Waste Management	
08/29/2022			MERCHANT BNKCD DES:DEPOSIT ID:266371382885 INDN:THAI KITCHEN 2 CO ID:F592126793 CCD		5,982.99	Reconciled	108,506.50	Deposit	Income:CREDIT CARD	
08/29/2022			MERCHANT BNKCD DES:DEPOSIT ID:266371382885 INDN:THAI KITCHEN 2 CO ID:F592126793 CCD		3,976.33	Reconciled	102,523.51	Deposit	Income:CREDIT CARD	
08/26/2022	1792	USA FIRE PROTECTION		317.00		Reconciled	98,547.18	Check	8220 Licenses and Permits	
08/26/2022	1787	ECOLAB		151.74		Reconciled	98,864.18	Check	8870 Pest Control	
08/26/2022			MERCHANT BNKCD DES:DEPOSIT ID:266371382885 INDN:THAI KITCHEN 2 CO ID:F592126793 CCD		2,887.13	Reconciled	99,015.92	Deposit	Income:CREDIT CARD	
08/26/2022			DoorDash, Inc. DES:Disabled A ID:ST-I1K3U4X2H7R1 INDN:COUR THAI LLC CO ID:4270465600 CCD		1,436.10	Reconciled	96,128.79	Deposit	Income:DoorDash	
08/25/2022	1790	VERIZON		183.55		Reconciled	94,692.69	Check	8840 Telephone	
08/25/2022			MERCHANT BNKCD DES:DEPOSIT ID:266371382885 INDN:THAI KITCHEN 2 CO ID:F592126793 CCD		2,481.49	Reconciled	94,876.24	Deposit	Income:CREDIT CARD	
08/24/2022	1791	DA THAISON		1,397.50		Reconciled	92,394.75	Check	Purchase:Da Thaison Inc	
08/24/2022	1789	PSE&G		2,165.31		Reconciled	93,792.25	Check	Utilities:Gas and Electric	
08/24/2022			MERCHANT BNKCD DES:DEPOSIT ID:266371382885 INDN:THAI KITCHEN 2 CO ID:F592126793 CCD		2,511.38	Reconciled	95,957.56	Deposit	Income:CREDIT CARD	
08/23/2022			MERCHANT BNKCD DES:DEPOSIT ID:266371382885 INDN:THAI KITCHEN 2 CO ID:F592126793 CCD		2,655.39	Reconciled	93,446.18	Deposit	Income:CREDIT CARD	
08/22/2022		NJ S&U WEB PMT	NJ WEB PMT 04110 DES:NJWEB04110 ID:091000011162694 INDN:COUR THAI GROUP CORPOR CO ID:7216000928 CCD PMT INFO:TXP*B843960	5,743.56		Reconciled	90,790.79	Check	6030 Sales Tax  Adjustment	
08/22/2022			MERCHANT BNKCD DES:DEPOSIT ID:266371382885 INDN:THAI KITCHEN 2 CO ID:F592126793 CCD		7,126.36	Reconciled	96,534.35	Deposit	Income:CREDIT CARD	
08/22/2022			MERCHANT BNKCD DES:DEPOSIT ID:266371382885 INDN:THAI KITCHEN 2 CO ID:F592126793 CCD		1,972.94	Reconciled	89,407.99	Deposit	Income:CREDIT CARD	
08/19/2022			MERCHANT BNKCD DES:DEPOSIT ID:266371382885 INDN:THAI KITCHEN 2 CO ID:F592126793 CCD		3,329.30	Reconciled	87,435.05	Deposit	Income:CREDIT CARD	
08/19/2022			DoorDash, Inc. DES:Disabled A ID:ST-S9L0G8F9U6C9 INDN:COUR THAI LLC CO ID:4270465600 CCD		1,404.65	Reconciled	84,105.75	Deposit	Income:DoorDash	
08/18/2022			MERCHANT BNKCD DES:DEPOSIT ID:266371382885 INDN:THAI KITCHEN 2 CO ID:F592126793 CCD		3,170.91	Reconciled	82,701.10	Deposit	Income:CREDIT CARD	
08/17/2022	1783	SEA PRIVATE SEAFOOD		754.40		Reconciled	79,530.19	Check	Purchase:Sea Pirate Seafood	
08/17/2022	1782	DA THAISON		1,087.00		Reconciled	80,284.59	Check	Purchase:Da Thaison Inc	
08/17/2022			MERCHANT BNKCD DES:DEPOSIT ID:266371382885 INDN:THAI KITCHEN 2 CO ID:F592126793 CCD		3,187.56	Reconciled	81,371.59	Deposit	Income:CREDIT CARD	
08/16/2022	1784	KAM KEU MARKET		3,183.25		Reconciled	78,184.03	Check	Purchase:KAM KEU ASIAN MARKET	
08/16/2022			MERCHANT BNKCD DES:DEPOSIT ID:266371382885 INDN:THAI KITCHEN 2 CO ID:F592126793 CCD		2,569.21	Reconciled	81,367.28	Deposit	Income:CREDIT CARD	
08/15/2022		PAYCHEX EIB INVOICE	PAYCHEX EIB DES:INVOICE ID:X98469400038324 INDN:COUR THAI GROUP CORPOR CO ID:1161124166 CCD	148.04		Reconciled	78,798.07	Check	8460 Payroll Processing Fees	
08/15/2022			MERCHANT BNKCD DES:DEPOSIT ID:266371382885 INDN:THAI KITCHEN 2 CO ID:F592126793 CCD		4,787.26	Reconciled	78,946.11	Deposit	Income:CREDIT CARD	
08/15/2022			MERCHANT BNKCD DES:DEPOSIT ID:266371382885 INDN:THAI KITCHEN 2 CO ID:F592126793 CCD		2,867.20	Reconciled	74,158.85	Deposit	Income:CREDIT CARD	
08/12/2022		PAYCHEX TPS TAXES	PAYCHEX TPS DES:TAXES ID:98460400005983X INDN:COUR THAI GROUP CORPOR CO ID:1161124166 CCD	2,088.01		Reconciled	71,291.65	Check	3140 Payroll Taxes Liabilities	
08/12/2022			MERCHANT BNKCD DES:DEPOSIT ID:266371382885 INDN:THAI KITCHEN 2 CO ID:F592126793 CCD		2,727.68	Reconciled	73,379.66	Deposit	Income:CREDIT CARD	
08/12/2022			DoorDash, Inc. DES:Disabled A ID:ST-E0X7C0Z4G4O2 INDN:COUR THAI LLC CO ID:4270465600 CCD		1,402.66	Reconciled	70,651.98	Deposit	Income:DoorDash	
08/11/2022	1781	AUTO CHLOR SYSTEM		233.78		Reconciled	69,249.32	Check	8670 Dishwash expense	
08/11/2022			MERCHANT BNKCD DES:DEPOSIT ID:266371382885 INDN:THAI KITCHEN 2 CO ID:F592126793 CCD		3,258.36	Reconciled	69,483.10	Deposit	Income:CREDIT CARD	
08/10/2022			MERCHANT BNKCD DES:DEPOSIT ID:266371382885 INDN:THAI KITCHEN 2 CO ID:F592126793 CCD		2,487.12	Reconciled	66,224.74	Deposit	Income:CREDIT CARD	
08/09/2022	1779	C & S ASSOCIATES		1,365.00		Reconciled	63,737.62	Check	Rent:Dormitory	
08/09/2022	1778	KAM KEU MARKET		2,881.90		Reconciled	65,102.62	Check	Purchase:KAM KEU ASIAN MARKET	
08/09/2022	1776	SEA PRIVATE SEAFOOD		340.00		Reconciled	67,984.52	Check	Purchase:Sea Pirate Seafood	
08/09/2022			MERCHANT BNKCD DES:DEPOSIT ID:266371382885 INDN:THAI KITCHEN 2 CO ID:F592126793 CCD		2,425.10	Reconciled	68,324.52	Deposit	Income:CREDIT CARD	
08/08/2022		BOA CC PMT	Online Banking payment to CRD 0241 Confirmation# 1478114144	3,741.85		Reconciled	65,899.42	Check	3400 BOA #0241	
08/08/2022	1777	LAI F CHONG		12,000.00		Reconciled	69,641.27	Check	4520 Loan officer	
08/08/2022	1775	DA THAISON		1,111.50		Reconciled	81,641.27	Check	Purchase:Da Thaison Inc	
08/08/2022	1774	Levin Management		12,895.00		Reconciled	82,752.77	Check	Rent:Restaurant	
08/08/2022	1770	FRANKLIN MUTUAL INSURANCE		4,007.00		Reconciled	95,647.77	Check	Insurance:Work Comp	
08/08/2022			MERCHANT BNKCD DES:DEPOSIT ID:266371382885 INDN:THAI KITCHEN 2 CO ID:F592126793 CCD		5,727.33	Reconciled	99,654.77	Deposit	Income:CREDIT CARD	
08/08/2022			MERCHANT BNKCD DES:DEPOSIT ID:266371382885 INDN:THAI KITCHEN 2 CO ID:F592126793 CCD		4,032.14	Reconciled	93,927.44	Deposit	Income:CREDIT CARD	
08/05/2022			MERCHANT BNKCD DES:DEPOSIT ID:266371382885 INDN:THAI KITCHEN 2 CO ID:F592126793 CCD		2,811.58	Reconciled	89,895.30	Deposit	Income:CREDIT CARD	
08/05/2022			DoorDash, Inc. DES:Disabled A ID:ST-V5C9P4Y6K7U8 INDN:COUR THAI LLC CO ID:4270465600 CCD		1,575.58	Reconciled	87,083.72	Deposit	Income:DoorDash	
08/04/2022	1772	X & Y PACKAGING TRADING INC		1,019.75		Reconciled	85,508.14	Check	Purchase:X & Y PACKAGING TRADING INC	
08/04/2022			MERCHANT BNKCD DES:DEPOSIT ID:266371382885 INDN:THAI KITCHEN 2 CO ID:F592126793 CCD		3,457.33	Reconciled	86,527.89	Deposit	Income:CREDIT CARD	
08/03/2022		MERCHANT BANKCD	MERCHANT BNKCD DES:DEPOSIT ID:266371382885 INDN:THAI KITCHEN 2 CO ID:F592126793 CCD	2,999.84		Reconciled	83,070.56	Check	7750 Credit Card Processing Fee	
08/03/2022	1769	DA THAISON		1,202.50		Reconciled	86,070.40	Check	Purchase:Da Thaison Inc	
08/03/2022			MERCHANT BNKCD DES:DEPOSIT ID:266371382885 INDN:THAI KITCHEN 2 CO ID:F592126793 CCD		1,714.11	Reconciled	87,272.90	Deposit	Income:CREDIT CARD	
08/02/2022	1773	KAM KEU MARKET		3,269.00		Reconciled	85,558.79	Check	Purchase:KAM KEU ASIAN MARKET	
08/02/2022	1771	SEA PRIVATE SEAFOOD		951.40		Reconciled	88,827.79	Check	Purchase:Sea Pirate Seafood	
08/02/2022			MERCHANT BNKCD DES:DEPOSIT ID:266371382885 INDN:THAI KITCHEN 2 CO ID:F592126793 CCD		2,427.22	Reconciled	89,779.19	Deposit	Income:CREDIT CARD	
08/01/2022		PAYCHEX EIB INVOICE	PAYCHEX EIB DES:INVOICE ID:X98243000014563 INDN:COUR THAI GROUP CORPOR CO ID:1161124166 CCD	148.04		Reconciled	87,351.97	Check	8460 Payroll Processing Fees	
08/01/2022			MERCHANT BNKCD DES:DEPOSIT ID:266371382885 INDN:THAI KITCHEN 2 CO ID:F592126793 CCD		5,288.68	Reconciled	87,500.01	Deposit	Income:CREDIT CARD	
08/01/2022			MERCHANT BNKCD DES:DEPOSIT ID:266371382885 INDN:THAI KITCHEN 2 CO ID:F592126793 CCD		3,761.78	Reconciled	82,211.33	Deposit	Income:CREDIT CARD	
07/29/2022		PAYCHEX TPS TAXES	PAYCHEX TPS DES:TAXES ID:98236000008232X INDN:COUR THAI GROUP CORPOR CO ID:1161124166 CCD	1,952.93		Reconciled	78,449.55	Check	3140 Payroll Taxes Liabilities	
07/29/2022	5320	PAYROLL CHECK		698.79		Reconciled	80,402.48	Check	8400 Salaries and wages	
07/29/2022	5312	PAYROLL CHECK		698.78		Reconciled	81,101.27	Check	8400 Salaries and wages	
07/29/2022	5311	PAYROLL CHECK		2,088.10		Reconciled	81,800.05	Check	8400 Salaries and wages	
07/29/2022	5280	PAYROLL CHECK		698.78		Reconciled	83,888.15	Check	8400 Salaries and wages	
07/29/2022			MERCHANT BNKCD DES:DEPOSIT ID:266371382885 INDN:THAI KITCHEN 2 CO ID:F592126793 CCD		2,844.81	Reconciled	84,586.93	Deposit	Income:CREDIT CARD	
07/29/2022			DoorDash, Inc. DES:Disabled A ID:ST-Q5Q5L9L3O1S6 INDN:COUR THAI LLC CO ID:4270465600 CCD		1,407.90	Reconciled	81,742.12	Deposit	Income:DoorDash	
07/28/2022	1767	DA THAISON		1,101.00		Reconciled	80,334.22	Check	Purchase:Da Thaison Inc	
07/28/2022	1763	NJ AMERICAN WATER		1,653.32		Reconciled	81,435.22	Check	Utilities:Water	
07/28/2022			MERCHANT BNKCD DES:DEPOSIT ID:266371382885 INDN:THAI KITCHEN 2 CO ID:F592126793 CCD		6,762.33	Reconciled	83,088.54	Deposit	Income:CREDIT CARD	
07/27/2022	5338	PAYROLL CHECK		466.56		Reconciled	76,326.21	Check	8400 Salaries and wages	
07/27/2022	5337	PAYROLL CHECK		594.80		Reconciled	76,792.77	Check	8400 Salaries and wages	
07/27/2022	5330	PAYROLL CHECK		466.56		Reconciled	77,387.57	Check	8400 Salaries and wages	
07/27/2022	5329	PAYROLL CHECK		594.80		Reconciled	77,854.13	Check	8400 Salaries and wages	
07/27/2022	5322	PAYROLL CHECK		466.56		Reconciled	78,448.93	Check	8400 Salaries and wages	
07/27/2022	5321	PAYROLL CHECK		594.80		Reconciled	78,915.49	Check	8400 Salaries and wages	
07/26/2022	1768	KAM KEU MARKET		3,488.50		Reconciled	79,510.29	Check	Purchase:KAM KEU ASIAN MARKET	
07/26/2022			MERCHANT BNKCD DES:DEPOSIT ID:266371382885 INDN:THAI KITCHEN 2 CO ID:F592126793 CCD		1,885.32	Reconciled	82,998.79	Deposit	Income:CREDIT CARD	
07/25/2022			MERCHANT BNKCD DES:DEPOSIT ID:266371382885 INDN:THAI KITCHEN 2 CO ID:F592126793 CCD		5,995.40	Reconciled	81,113.47	Deposit	Income:CREDIT CARD	
07/25/2022			MERCHANT BNKCD DES:DEPOSIT ID:266371382885 INDN:THAI KITCHEN 2 CO ID:F592126793 CCD		3,594.78	Reconciled	75,118.07	Deposit	Income:CREDIT CARD	
07/25/2022			MERCHANT BNKCD DES:DEPOSIT ID:266371382885 INDN:THAI KITCHEN 2 CO ID:F592126793 CCD		3,458.57	Reconciled	71,523.29	Deposit	Income:CREDIT CARD	
07/22/2022			DoorDash, Inc. DES:Disabled A ID:ST-B3A9Z4P0I9D4 INDN:COUR THAI LLC CO ID:4270465600 CCD		1,921.32	Reconciled	68,064.72	Deposit	Income:DoorDash	
07/21/2022	1765	VERIZON		178.21		Reconciled	66,143.40	Check	8840 Telephone	
07/21/2022	1764	REPUBLIC SERVICE		202.51		Reconciled	66,321.61	Check	8880 Waste Management	
07/21/2022	1762	ECOLAB		151.74		Reconciled	66,524.12	Check	8870 Pest Control	
07/21/2022	1761	HORIZON		1,222.53		Reconciled	66,675.86	Check	8150 Health Insurance	
07/21/2022			MERCHANT BNKCD DES:DEPOSIT ID:266371382885 INDN:THAI KITCHEN 2 CO ID:F592126793 CCD		2,727.17	Reconciled	67,898.39	Deposit	Income:CREDIT CARD	
07/20/2022		NJ S&U WEB PMT	NJ S&U WEB PMT DES:NJWEB55 ID:091000010818924 INDN:COUR THAI GROUP CORPOR CO ID:7216000928 CCD PMT INFO:TXP*B8439605	7,164.48		Reconciled	65,171.22	Check	6030 Sales Tax  Adjustment	
07/20/2022	1758	DA THAISON		1,044.00		Reconciled	72,335.70	Check	Purchase:Da Thaison Inc	
07/20/2022			MERCHANT BNKCD DES:DEPOSIT ID:266371382885 INDN:THAI KITCHEN 2 CO ID:F592126793 CCD		3,287.90	Reconciled	73,379.70	Deposit	Income:CREDIT CARD	
07/19/2022	1766	PSE&G		1,907.19		Reconciled	70,091.80	Check	Utilities:Gas and Electric	
07/19/2022	1759	KAM KEU MARKET		3,900.60		Reconciled	71,998.99	Check	Purchase:KAM KEU ASIAN MARKET	
07/19/2022	1755	SEA PRIVATE SEAFOOD		507.70		Reconciled	75,899.59	Check	Purchase:Sea Pirate Seafood	
07/19/2022			MERCHANT BNKCD DES:DEPOSIT ID:266371382885 INDN:THAI KITCHEN 2 CO ID:F592126793 CCD		1,747.80	Reconciled	76,407.29	Deposit	Income:CREDIT CARD	
07/18/2022		TOYOTA FINANCE	SETF WORLD OMNI DES:BILL PAY ID:10840171711 INDN:NULL NULL CO ID:7529064511 TEL	723.88		Reconciled	74,659.49	Check	7720 Car  Lease Expense	
07/18/2022		PAYCHEX EIB INVOICE	PAYCHEX EIB DES:INVOICE ID:X98047800013175 INDN:COUR THAI GROUP CORPOR CO ID:1161124166 CCD	162.04		Reconciled	75,383.37	Check	8460 Payroll Processing Fees	
07/18/2022	1760	LAI F CHONG		5,000.00		Reconciled	75,545.41	Check	4520 Loan officer	
07/18/2022	1754	X & Y PACKAGING TRADING INC		916.00		Reconciled	80,545.41	Check	Purchase:X & Y PACKAGING TRADING INC	
07/18/2022			MERCHANT BNKCD DES:DEPOSIT ID:266371382885 INDN:THAI KITCHEN 2 CO ID:F592126793 CCD		5,931.00	Reconciled	81,461.41	Deposit	Income:CREDIT CARD	
07/18/2022			MERCHANT BNKCD DES:DEPOSIT ID:266371382885 INDN:THAI KITCHEN 2 CO ID:F592126793 CCD		3,801.27	Reconciled	75,530.41	Deposit	Income:CREDIT CARD	
07/15/2022		PAYCHEX TPS TAXES	PAYCHEX TPS DES:TAXES ID:98040600007954X INDN:COUR THAI GROUP CORPOR CO ID:1161124166 CCD	1,893.44		Reconciled	71,729.14	Check	3140 Payroll Taxes Liabilities	
07/15/2022			MERCHANT BNKCD DES:DEPOSIT ID:266371382885 INDN:THAI KITCHEN 2 CO ID:F592126793 CCD		2,416.53	Reconciled	73,622.58	Deposit	Income:CREDIT CARD	
07/15/2022			DoorDash, Inc. DES:Disabled A ID:ST-K1X0X0C2P0P8 INDN:COUR THAI LLC CO ID:4270465600 CCD		1,654.31	Reconciled	71,206.05	Deposit	Income:DoorDash	
07/14/2022	1757	AUTO CHLOR SYSTEM		265.50		Reconciled	69,551.74	Check	8670 Dishwash expense	
07/14/2022			MERCHANT BNKCD DES:DEPOSIT ID:266371382885 INDN:THAI KITCHEN 2 CO ID:F592126793 CCD		2,965.28	Reconciled	69,817.24	Deposit	Income:CREDIT CARD	
07/13/2022	1752	DA THAISON		1,013.00		Reconciled	66,851.96	Check	Purchase:Da Thaison Inc	
07/13/2022			MERCHANT BNKCD DES:DEPOSIT ID:266371382885 INDN:THAI KITCHEN 2 CO ID:F592126793 CCD		2,607.35	Reconciled	67,864.96	Deposit	Income:CREDIT CARD	
07/12/2022	1756	KAM KEU MARKET		3,342.50		Reconciled	65,257.61	Check	Purchase:KAM KEU ASIAN MARKET	
07/12/2022			MERCHANT BNKCD DES:DEPOSIT ID:266371382885 INDN:THAI KITCHEN 2 CO ID:F592126793 CCD		2,650.59	Reconciled	68,600.11	Deposit	Income:CREDIT CARD	
07/11/2022		BOA CC PMT	Online Banking payment to CRD 0241 Confirmation# 2847172230	5,971.74		Reconciled	65,949.52	Check	3400 BOA #0241	
07/11/2022	1751	C & S ASSOCIATES		1,315.00		Reconciled	71,921.26	Check	Rent:Dormitory	
07/11/2022			MERCHANT BNKCD DES:DEPOSIT ID:266371382885 INDN:THAI KITCHEN 2 CO ID:F592126793 CCD		5,580.68	Reconciled	73,236.26	Deposit	Income:CREDIT CARD	
07/11/2022			MERCHANT BNKCD DES:DEPOSIT ID:266371382885 INDN:THAI KITCHEN 2 CO ID:F592126793 CCD		3,277.97	Reconciled	67,655.58	Deposit	Income:CREDIT CARD	
07/08/2022	1753	Levin Management		12,895.77		Reconciled	64,377.61	Check	Rent:Restaurant	
07/08/2022			MERCHANT BNKCD DES:DEPOSIT ID:266371382885 INDN:THAI KITCHEN 2 CO ID:F592126793 CCD		2,735.80	Reconciled	77,273.38	Deposit	Income:CREDIT CARD	
07/08/2022			DoorDash, Inc. DES:Disabled A ID:ST-V6D0B2R3B1B5 INDN:COUR THAI LLC CO ID:4270465600 CCD		1,608.36	Reconciled	74,537.58	Deposit	Income:DoorDash	
07/07/2022	1750	KAM KEU MARKET		2,827.20		Reconciled	72,929.22	Check	Purchase:KAM KEU ASIAN MARKET	
07/07/2022			MERCHANT BNKCD DES:DEPOSIT ID:266371382885 INDN:THAI KITCHEN 2 CO ID:F592126793 CCD		2,559.91	Reconciled	75,756.42	Deposit	Income:CREDIT CARD	
07/06/2022	1749	DA THAISON		1,210.50		Reconciled	73,196.51	Check	Purchase:Da Thaison Inc	
07/06/2022	1745	SEA PRIVATE SEAFOOD		535.10		Reconciled	74,407.01	Check	Purchase:Sea Pirate Seafood	
07/06/2022	1743	DA THAISON		1,134.50		Reconciled	74,942.11	Check	Purchase:Da Thaison Inc	
07/06/2022	1737	NJ AMERICAN WATER		1,038.86		Reconciled	76,076.61	Check	Utilities:Water	
07/06/2022			MERCHANT BNKCD DES:DEPOSIT ID:266371382885 INDN:THAI KITCHEN 2 CO ID:F592126793 CCD		3,695.82	Reconciled	77,115.47	Deposit	Income:CREDIT CARD	
07/05/2022		MERCHANT BANKCD	MERCHANT BNKCD DES:DEPOSIT ID:266371382885 INDN:THAI KITCHEN 2 CO ID:F592126793 CCD	3,087.29		Reconciled	73,419.65	Check	7750 Credit Card Processing Fee	
07/05/2022		PAYCHEX EIB INVOICE	PAYCHEX EIB DES:INVOICE ID:X97868900015586 INDN:COUR THAI GROUP CORPOR CO ID:1161124166 CCD	148.04		Reconciled	76,506.94	Check	8460 Payroll Processing Fees	
07/05/2022		MERCHANT BANKCD	MERCHANT BNKCD DES:FINCL ADJ ID:266371382885 INDN:THAI KITCHEN 2 CO ID:F592126793 CCD	1.26		Reconciled	76,654.98	Check	Income:CREDIT CARD	
07/05/2022	1748	LAI F CHONG		12,000.00		Reconciled	76,656.24	Check	8430 Payroll - Tips	
07/05/2022			MERCHANT BNKCD DES:DEPOSIT ID:266371382885 INDN:THAI KITCHEN 2 CO ID:F592126793 CCD		6,260.74	Reconciled	88,656.24	Deposit	Income:CREDIT CARD	
07/05/2022			MERCHANT BNKCD DES:DEPOSIT ID:266371382885 INDN:THAI KITCHEN 2 CO ID:F592126793 CCD		2,799.60	Reconciled	82,395.50	Deposit	Income:CREDIT CARD	
07/05/2022			MERCHANT BNKCD DES:DEPOSIT ID:266371382885 INDN:THAI KITCHEN 2 CO ID:F592126793 CCD		1,516.07	Reconciled	79,595.90	Deposit	Income:CREDIT CARD	
07/01/2022		PAYCHEX TPS TAXES	PAYCHEX TPS DES:TAXES ID:97861400007458X INDN:COUR THAI GROUP CORPOR CO ID:1161124166 CCD	2,200.64		Reconciled	78,079.83	Check	3140 Payroll Taxes Liabilities	
07/01/2022	5309	PAYROLL CHECK		760.10		Reconciled	80,280.47	Check	8400 Salaries and wages	
07/01/2022	5301	PAYROLL CHECK		686.89		Reconciled	81,040.57	Check	8400 Salaries and wages	
07/01/2022	5293	PAYROLL CHECK		644.25		Reconciled	81,727.46	Check	8400 Salaries and wages	
07/01/2022	5285	PAYROLL CHECK		661.40		Reconciled	82,371.71	Check	8400 Salaries and wages	
07/01/2022	5278	PAYROLL CHECK		616.88		Reconciled	83,033.11	Check	8400 Salaries and wages	
07/01/2022	5271	PAYROLL CHECK		640.32		Reconciled	83,649.99	Check	8400 Salaries and wages	
07/01/2022	1747	DM CLEANING UP SERVICES LLC		481.00		Reconciled	84,290.31	Check	8660 Repairs & maintenance	
07/01/2022	1729	ECOLAB		151.74		Reconciled	84,771.31	Check	8870 Pest Control	
07/01/2022			MERCHANT BNKCD DES:DEPOSIT ID:266371382885 INDN:THAI KITCHEN 2 CO ID:F592126793 CCD		2,542.19	Reconciled	84,923.05	Deposit	Income:CREDIT CARD	
07/01/2022			DoorDash, Inc. DES:Disabled A ID:ST-Q2Y6N2Z9W6K0 INDN:COUR THAI LLC CO ID:4270465600 CCD		1,684.01	Reconciled	82,380.86	Deposit	Income:DoorDash	
06/30/2022	5324	PAYROLL CHECK		554.92		Reconciled	80,696.85	Check	8400 Salaries and wages	
06/30/2022	5316	PAYROLL CHECK		554.91		Reconciled	81,251.77	Check	8400 Salaries and wages	
06/30/2022	5308	PAYROLL CHECK		554.92		Reconciled	81,806.68	Check	8400 Salaries and wages	
06/30/2022	5300	PAYROLL CHECK		554.91		Reconciled	82,361.60	Check	8400 Salaries and wages	
06/30/2022	1742	FRANKLIN MUTUAL INSURANCE		5,089.00		Reconciled	82,916.51	Check	Insurance:Liability Insurance	
06/30/2022			MERCHANT BNKCD DES:DEPOSIT ID:266371382885 INDN:THAI KITCHEN 2 CO ID:F592126793 CCD		3,044.84	Reconciled	88,005.51	Deposit	Income:CREDIT CARD	
06/29/2022			MERCHANT BNKCD DES:DEPOSIT ID:266371382885 INDN:THAI KITCHEN 2 CO ID:F592126793 CCD		1,928.48	Reconciled	84,960.67	Deposit	Income:CREDIT CARD	
06/28/2022		MERCHANT BANKCD	MERCHANT BNKCD DES:DEPOSIT ID:266371382885 INDN:THAI KITCHEN 2 CO ID:F592126793 CCD	0.77		Reconciled	83,032.19	Check	Income:CREDIT CARD	
06/28/2022	1744	KAM KEU MARKET		3,284.75		Reconciled	83,032.96	Check	Purchase:KAM KEU ASIAN MARKET	
06/28/2022			MERCHANT BNKCD DES:DEPOSIT ID:266371382885 INDN:THAI KITCHEN 2 CO ID:F592126793 CCD		2,803.48	Reconciled	86,317.71	Deposit	Income:CREDIT CARD	
06/27/2022		TOYOTA FINANCE	SETF WORLD OMNI DES:BILL PAY ID:13492757721 INDN:NULL NULL CO ID:7529064511 TEL	723.88		Reconciled	83,514.23	Check	7720 Car  Lease Expense	
06/27/2022	5303	PAYROLL CHECK		2,479.48		Reconciled	84,238.11	Check	8400 Salaries and wages	
06/27/2022	5299	PAYROLL CHECK		638.53		Reconciled	86,717.59	Check	8400 Salaries and wages	
06/27/2022	5291	PAYROLL CHECK		623.04		Reconciled	87,356.12	Check	8400 Salaries and wages	
06/27/2022	5283	PAYROLL CHECK		628.13		Reconciled	87,979.16	Check	8400 Salaries and wages	
06/27/2022	1746	GERRY LEGATO		400.00		Reconciled	88,607.29	Check	8380 Outside Service	
06/27/2022			MERCHANT BNKCD DES:DEPOSIT ID:266371382885 INDN:THAI KITCHEN 2 CO ID:F592126793 CCD		7,341.71	Reconciled	89,007.29	Deposit	Income:CREDIT CARD	
06/27/2022			MERCHANT BNKCD DES:DEPOSIT ID:266371382885 INDN:THAI KITCHEN 2 CO ID:F592126793 CCD		1,797.56	Reconciled	81,665.58	Deposit	Income:CREDIT CARD	
06/24/2022			MERCHANT BNKCD DES:DEPOSIT ID:266371382885 INDN:THAI KITCHEN 2 CO ID:F592126793 CCD		2,982.07	Reconciled	79,868.02	Deposit	Income:CREDIT CARD	
06/24/2022			DoorDash, Inc. DES:Disabled A ID:ST-P3N2H3G8T4Q4 INDN:COUR THAI LLC CO ID:4270465600 CCD		1,221.13	Reconciled	76,885.95	Deposit	Income:DoorDash	
06/23/2022			MERCHANT BNKCD DES:DEPOSIT ID:266371382885 INDN:THAI KITCHEN 2 CO ID:F592126793 CCD		4,356.02	Reconciled	75,664.82	Deposit	Income:CREDIT CARD	
06/22/2022	5276	PAYROLL CHECK		581.19		Reconciled	71,308.80	Check	8400 Salaries and wages	
06/22/2022	5269	PAYROLL CHECK		611.15		Reconciled	71,889.99	Check	8400 Salaries and wages	
06/22/2022	5262	PAYROLL CHECK		648.85		Reconciled	72,501.14	Check	8400 Salaries and wages	
06/22/2022	5255	PAYROLL CHECK		603.29		Reconciled	73,149.99	Check	8400 Salaries and wages	
06/22/2022	5248	PAYROLL CHECK		542.80		Reconciled	73,753.28	Check	8400 Salaries and wages	
06/22/2022	1736	DA THAISON		1,306.00		Reconciled	74,296.08	Check	Purchase:Da Thaison Inc	
06/22/2022			MERCHANT BNKCD DES:DEPOSIT ID:266371382885 INDN:THAI KITCHEN 2 CO ID:F592126793 CCD		2,610.59	Reconciled	75,602.08	Deposit	Income:CREDIT CARD	
06/21/2022		NJ S&U WEB PMT	NJ WEB PMT 04110 DES:NJWEB04110 ID:091000010603051 INDN:COUR THAI GROUP CORPOR CO ID:7216000928 CCD PMT INFO:TXP*B843960	7,317.63		Reconciled	72,991.49	Check	6030 Sales Tax  Adjustment	
06/21/2022		PAYCHEX EIB INVOICE	PAYCHEX EIB DES:INVOICE ID:X97686800018768 INDN:COUR THAI GROUP CORPOR CO ID:1161124166 CCD	148.04		Reconciled	80,309.12	Check	8460 Payroll Processing Fees	
06/21/2022	5314	PAYROLL CHECK		466.56		Reconciled	80,457.16	Check	8400 Salaries and wages	
06/21/2022	5313	PAYROLL CHECK		594.80		Reconciled	80,923.72	Check	8400 Salaries and wages	
06/21/2022	5306	PAYROLL CHECK		466.56		Reconciled	81,518.52	Check	8400 Salaries and wages	
06/21/2022	5305	PAYROLL CHECK		594.80		Reconciled	81,985.08	Check	8400 Salaries and wages	
06/21/2022	5290	PAYROLL CHECK		466.56		Reconciled	82,579.88	Check	8400 Salaries and wages	
06/21/2022	5289	PAYROLL CHECK		594.80		Reconciled	83,046.44	Check	8400 Salaries and wages	
06/21/2022	1741	KAM KEU MARKET		2,938.55		Reconciled	83,641.24	Check	Purchase:KAM KEU ASIAN MARKET	
06/21/2022	1740	LAI F CHONG		8,000.00		Reconciled	86,579.79	Check	4520 Loan officer	
06/21/2022	1739	AUTO CHLOR SYSTEM		233.78		Reconciled	94,579.79	Check	8670 Dishwash expense	
06/21/2022	1734	SEA PRIVATE SEAFOOD		1,412.00		Reconciled	94,813.57	Check	Purchase:Sea Pirate Seafood	
06/21/2022			MERCHANT BNKCD DES:DEPOSIT ID:266371382885 INDN:THAI KITCHEN 2 CO ID:F592126793 CCD		8,039.01	Reconciled	96,225.57	Deposit	Income:CREDIT CARD	
06/21/2022			MERCHANT BNKCD DES:DEPOSIT ID:266371382885 INDN:THAI KITCHEN 2 CO ID:F592126793 CCD		3,656.18	Reconciled	88,186.56	Deposit	Income:CREDIT CARD	
06/21/2022			MERCHANT BNKCD DES:DEPOSIT ID:266371382885 INDN:THAI KITCHEN 2 CO ID:F592126793 CCD		2,748.49	Reconciled	84,530.38	Deposit	Income:CREDIT CARD	
06/17/2022		PAYCHEX TPS TAXES	PAYCHEX TPS DES:TAXES ID:97682800009944X INDN:COUR THAI GROUP CORPOR CO ID:1161124166 CCD	2,121.24		Reconciled	81,781.89	Check	3140 Payroll Taxes Liabilities	
06/17/2022	1738	BRIDGEWATER TOWNSHIP		250.00		Reconciled	83,903.13	Check	8220 Licenses and Permits	
06/17/2022			MERCHANT BNKCD DES:DEPOSIT ID:266371382885 INDN:THAI KITCHEN 2 CO ID:F592126793 CCD		3,298.35	Reconciled	84,153.13	Deposit	Income:CREDIT CARD	
06/17/2022			DoorDash, Inc. DES:Disabled A ID:ST-C7J6R5I2K9P0 INDN:COUR THAI LLC CO ID:4270465600 CCD		2,327.24	Reconciled	80,854.78	Deposit	Income:DoorDash	
06/16/2022		BOA CC PMT	Online Banking payment to CRD 0241 Confirmation# 1743168629	148.55		Reconciled	78,527.54	Check	3400 BOA #0241	
06/16/2022			MERCHANT BNKCD DES:DEPOSIT ID:266371382885 INDN:THAI KITCHEN 2 CO ID:F592126793 CCD		3,481.82	Reconciled	78,676.09	Deposit	Income:CREDIT CARD	
06/15/2022		NJ WEB PMT	NJ WEB PMT 02101 DES:NJWEB02101 ID:091000010529435 INDN:COUR THAI GROUP CORPOR CO ID:7216000928 CCD PMT INFO:TXP*B843960	5,002.00		Reconciled	75,194.27	Check	8580 NJ CBT Tax	
06/15/2022			MERCHANT BNKCD DES:DEPOSIT ID:266371382885 INDN:THAI KITCHEN 2 CO ID:F592126793 CCD		1,726.70	Reconciled	80,196.27	Deposit	Income:CREDIT CARD	
06/14/2022		BOA CC PMT	Online Banking payment to CRD 3563 Confirmation# 2822027556	4,041.02		Reconciled	78,469.57	Check	3410 BOA #3563/#7321	
06/14/2022	1735	KAM KEU MARKET		3,270.10		Reconciled	82,510.59	Check	Purchase:KAM KEU ASIAN MARKET	
06/14/2022	1724	SEA PRIVATE SEAFOOD		756.10		Reconciled	85,780.69	Check	Purchase:Sea Pirate Seafood	
06/14/2022			MERCHANT BNKCD DES:DEPOSIT ID:266371382885 INDN:THAI KITCHEN 2 CO ID:F592126793 CCD		2,395.59	Reconciled	86,536.79	Deposit	Income:CREDIT CARD	
06/13/2022	5304	PAYROLL CHECK		698.79		Reconciled	84,141.20	Check	8400 Salaries and wages	
06/13/2022	5296	PAYROLL CHECK		698.78		Reconciled	84,839.99	Check	8400 Salaries and wages	
06/13/2022	5295	PAYROLL CHECK		1,951.48		Reconciled	85,538.77	Check	8400 Salaries and wages	
06/13/2022	5288	PAYROLL CHECK		698.79		Reconciled	87,490.25	Check	8400 Salaries and wages	
06/13/2022	5287	PAYROLL CHECK		1,961.44		Reconciled	88,189.04	Check	8400 Salaries and wages	
06/13/2022	1733	DA THAISON		1,224.00		Reconciled	90,150.48	Check	Purchase:Da Thaison Inc	
06/13/2022	1721	REPUBLIC SERVICE		189.57		Reconciled	91,374.48	Check	8880 Waste Management	
06/13/2022			MERCHANT BNKCD DES:DEPOSIT ID:266371382885 INDN:THAI KITCHEN 2 CO ID:F592126793 CCD		6,826.55	Reconciled	91,564.05	Deposit	Income:CREDIT CARD	
06/13/2022			MERCHANT BNKCD DES:DEPOSIT ID:266371382885 INDN:THAI KITCHEN 2 CO ID:F592126793 CCD		3,901.73	Reconciled	84,737.50	Deposit	Income:CREDIT CARD	
06/10/2022			MERCHANT BNKCD DES:DEPOSIT ID:266371382885 INDN:THAI KITCHEN 2 CO ID:F592126793 CCD		2,984.03	Reconciled	80,835.77	Deposit	Income:CREDIT CARD	
06/10/2022			DoorDash, Inc. DES:Disabled A ID:ST-W9K1X4A5U6Z0 INDN:COUR THAI LLC CO ID:4270465600 CCD		1,675.80	Reconciled	77,851.74	Deposit	Income:DoorDash	
06/09/2022	1732	HORIZON		1,222.53		Reconciled	76,175.94	Check	8150 Health Insurance	
06/09/2022	1731	C & S ASSOCIATES		1,315.00		Reconciled	77,398.47	Check	Rent:Dormitory	
06/09/2022			MERCHANT BNKCD DES:DEPOSIT ID:266371382885 INDN:THAI KITCHEN 2 CO ID:F592126793 CCD		3,028.48	Reconciled	78,713.47	Deposit	Income:CREDIT CARD	
06/08/2022	1730	Levin Management		14,395.03		Reconciled	75,684.99	Check	Rent:Restaurant	
06/08/2022	1728	VERIZON		186.68		Reconciled	90,080.02	Check	8840 Telephone	
06/08/2022			MERCHANT BNKCD DES:DEPOSIT ID:266371382885 INDN:THAI KITCHEN 2 CO ID:F592126793 CCD		3,624.81	Reconciled	90,266.70	Deposit	Income:CREDIT CARD	
06/07/2022	1727	PSE&G		1,814.22		Reconciled	86,641.89	Check	Utilities:Gas and Electric	
06/07/2022	1725	KAM KEU MARKET		4,097.00		Reconciled	88,456.11	Check	Purchase:KAM KEU ASIAN MARKET	
06/07/2022			MERCHANT BNKCD DES:DEPOSIT ID:266371382885 INDN:THAI KITCHEN 2 CO ID:F592126793 CCD		2,449.72	Reconciled	92,553.11	Deposit	Income:CREDIT CARD	
06/06/2022		PAYCHEX EIB INVOICE	PAYCHEX EIB DES:INVOICE ID:X97503200006846 INDN:COUR THAI GROUP CORPOR CO ID:1161124166 CCD	148.04		Reconciled	90,103.39	Check	8460 Payroll Processing Fees	
06/06/2022	1726	DA THAISON		1,260.50		Reconciled	90,251.43	Check	Purchase:Da Thaison Inc	
06/06/2022			MERCHANT BNKCD DES:DEPOSIT ID:266371382885 INDN:THAI KITCHEN 2 CO ID:F592126793 CCD		5,354.42	Reconciled	91,511.93	Deposit	Income:CREDIT CARD	
06/06/2022			MERCHANT BNKCD DES:DEPOSIT ID:266371382885 INDN:THAI KITCHEN 2 CO ID:F592126793 CCD		4,735.77	Reconciled	86,157.51	Deposit	Income:CREDIT CARD	
06/03/2022		MERCHANT BANKCD	MERCHANT BNKCD DES:DEPOSIT ID:266371382885 INDN:THAI KITCHEN 2 CO ID:F592126793 CCD	3,555.93		Reconciled	81,421.74	Check	7750 Credit Card Processing Fee	
06/03/2022		PAYCHEX TPS TAXES	PAYCHEX TPS DES:TAXES ID:97497300006937X INDN:COUR THAI GROUP CORPOR CO ID:1161124166 CCD	2,112.11		Reconciled	84,977.67	Check	3140 Payroll Taxes Liabilities	
06/03/2022			MERCHANT BNKCD DES:DEPOSIT ID:266371382885 INDN:THAI KITCHEN 2 CO ID:F592126793 CCD		4,054.34	Reconciled	87,089.78	Deposit	Income:CREDIT CARD	
06/03/2022			DoorDash, Inc. DES:Disabled A ID:ST-O3R3M0H7O5R0 INDN:COUR THAI LLC CO ID:4270465600 CCD		1,292.41	Reconciled	83,035.44	Deposit	Income:DoorDash	
06/02/2022			MERCHANT BNKCD DES:DEPOSIT ID:266371382885 INDN:THAI KITCHEN 2 CO ID:F592126793 CCD		2,768.64	Reconciled	81,743.03	Deposit	Income:CREDIT CARD	
06/01/2022	1720	DA THAISON		1,323.00		Reconciled	78,974.39	Check	Purchase:Da Thaison Inc	
06/01/2022	1719	DAROMA RESTAURANT EQUIPMENT CORP		2,063.18		Reconciled	80,297.39	Check	2100 Equipment	
06/01/2022	1716	DA THAISON		1,556.50		Reconciled	82,360.57	Check	Purchase:Da Thaison Inc	
06/01/2022			MERCHANT BNKCD DES:DEPOSIT ID:266371382885 INDN:THAI KITCHEN 2 CO ID:F592126793 CCD		1,940.21	Reconciled	83,917.07	Deposit	Income:CREDIT CARD	
05/31/2022	1723	LAI F CHONG		20,000.00		Reconciled	81,976.86	Check	4520 Loan officer	
05/31/2022	1722	KAM KEU MARKET		3,453.15		Reconciled	101,976.86	Check	Purchase:KAM KEU ASIAN MARKET	
05/31/2022			MERCHANT BNKCD DES:DEPOSIT ID:266371382885 INDN:THAI KITCHEN 2 CO ID:F592126793 CCD		6,445.60	Reconciled	105,430.01	Deposit	Income:CREDIT CARD	
05/31/2022			MERCHANT BNKCD DES:DEPOSIT ID:266371382885 INDN:THAI KITCHEN 2 CO ID:F592126793 CCD		3,934.07	Reconciled	98,984.41	Deposit	Income:CREDIT CARD	
05/31/2022			MERCHANT BNKCD DES:DEPOSIT ID:266371382885 INDN:THAI KITCHEN 2 CO ID:F592126793 CCD		2,633.44	Reconciled	95,050.34	Deposit	Income:CREDIT CARD	
05/27/2022			MERCHANT BNKCD DES:DEPOSIT ID:266371382885 INDN:THAI KITCHEN 2 CO ID:F592126793 CCD		3,936.70	Reconciled	92,416.90	Deposit	Income:CREDIT CARD	
05/27/2022			DoorDash, Inc. DES:Disabled A ID:ST-R6T9X9O3S8N3 INDN:COUR THAI LLC CO ID:4270465600 CCD		2,071.29	Reconciled	88,480.20	Deposit	Income:DoorDash	
05/26/2022			MERCHANT BNKCD DES:DEPOSIT ID:266371382885 INDN:THAI KITCHEN 2 CO ID:F592126793 CCD		2,667.03	Reconciled	86,408.91	Deposit	Income:CREDIT CARD	
05/25/2022	1717	SEA PRIVATE SEAFOOD		1,317.20		Reconciled	83,741.88	Check	Purchase:Sea Pirate Seafood	
05/25/2022			MERCHANT BNKCD DES:DEPOSIT ID:266371382885 INDN:THAI KITCHEN 2 CO ID:F592126793 CCD		2,506.32	Reconciled	85,059.08	Deposit	Income:CREDIT CARD	
05/24/2022		PAYCHEX EIB INVOICE	PAYCHEX EIB DES:INVOICE ID:X97348100004081 INDN:COUR THAI GROUP CORPOR CO ID:1161124166 CCD	147.12		Reconciled	82,552.76	Check	8460 Payroll Processing Fees	
05/24/2022	1718	KAM KEU MARKET		3,609.15		Reconciled	82,699.88	Check	Purchase:KAM KEU ASIAN MARKET	
05/24/2022	1704	NJ AMERICAN WATER		1,347.48		Reconciled	86,309.03	Check	Utilities:Water	
05/24/2022			MERCHANT BNKCD DES:DEPOSIT ID:266371382885 INDN:THAI KITCHEN 2 CO ID:F592126793 CCD		2,254.60	Reconciled	87,656.51	Deposit	Income:CREDIT CARD	
05/23/2022		PAYCHEX TPS TAXES	PAYCHEX TPS DES:TAXES ID:97338100001893X INDN:COUR THAI GROUP CORPOR CO ID:1161124166 CCD	2,503.32		Reconciled	85,401.91	Check	3140 Payroll Taxes Liabilities	
05/23/2022	1706	STATE OF NJ	FOR 2608361	323.00		Reconciled	87,905.23	Check	8440 Payroll Taxes	
05/23/2022			MERCHANT BNKCD DES:DEPOSIT ID:266371382885 INDN:THAI KITCHEN 2 CO ID:F592126793 CCD		7,041.66	Reconciled	88,228.23	Deposit	Income:CREDIT CARD	
05/23/2022			MERCHANT BNKCD DES:DEPOSIT ID:266371382885 INDN:THAI KITCHEN 2 CO ID:F592126793 CCD		5,133.49	Reconciled	81,186.57	Deposit	Income:CREDIT CARD	
05/20/2022		NJ S&U WEB PMT	NJ WEB PMT 04110 DES:NJWEB04110 ID:091000010333485 INDN:COUR THAI GROUP CORPOR CO ID:7216000928 CCD PMT INFO:TXP*B843960	5,571.24		Reconciled	76,053.08	Check	6030 Sales Tax  Adjustment	
05/20/2022	1711	MACINTOSH		220.15		Reconciled	81,624.32	Check	8940 Uniform	
05/20/2022			MERCHANT BNKCD DES:DEPOSIT ID:266371382885 INDN:THAI KITCHEN 2 CO ID:F592126793 CCD		3,292.45	Reconciled	81,844.47	Deposit	Income:CREDIT CARD	
05/20/2022			DoorDash, Inc. DES:Disabled A ID:ST-X7U2O9Z4J8X3 INDN:COUR THAI LLC CO ID:4270465600 CCD		1,834.16	Reconciled	78,552.02	Deposit	Income:DoorDash	
05/19/2022	1710	ECOLAB		288.48		Reconciled	76,717.86	Check	8870 Pest Control	
05/19/2022	1709	HORIZON		1,222.53		Reconciled	77,006.34	Check	8150 Health Insurance	
05/19/2022			MERCHANT BNKCD DES:DEPOSIT ID:266371382885 INDN:THAI KITCHEN 2 CO ID:F592126793 CCD		2,988.16	Reconciled	78,228.87	Deposit	Income:CREDIT CARD	
05/18/2022		BOA CC PMT	Online Banking payment to CRD 0241 Confirmation# 4188078636	1,196.06		Reconciled	75,240.71	Check	3400 BOA #0241	
05/18/2022	1703	DA THAISON		1,580.00		Reconciled	76,436.77	Check	Purchase:Da Thaison Inc	
05/18/2022			MERCHANT BNKCD DES:DEPOSIT ID:266371382885 INDN:THAI KITCHEN 2 CO ID:F592126793 CCD		2,805.11	Reconciled	78,016.77	Deposit	Income:CREDIT CARD	
05/17/2022	5298	PAYROLL CHECK		466.56		Reconciled	75,211.66	Check	8400 Salaries and wages	
05/17/2022	5297	PAYROLL CHECK		594.80		Reconciled	75,678.22	Check	8400 Salaries and wages	
05/17/2022	1715	KAM KEU MARKET		3,607.48		Reconciled	76,273.02	Check	Purchase:KAM KEU ASIAN MARKET	
05/17/2022	1714	X & Y PACKAGING TRADING INC		973.50		Reconciled	79,880.50	Check	Purchase:X & Y PACKAGING TRADING INC	
05/17/2022	1712	AUTO CHLOR SYSTEM		467.24		Reconciled	80,854.00	Check	8670 Dishwash expense	
05/17/2022	1705	PSE&G		1,942.46		Reconciled	81,321.24	Check	Utilities:Gas and Electric	
05/17/2022	1702	COSTCO WHOLESALE		542.44		Reconciled	83,263.70	Check	Purchase:COSTCO	
05/17/2022			MERCHANT BNKCD DES:DEPOSIT ID:266371382885 INDN:THAI KITCHEN 2 CO ID:F592126793 CCD		2,585.25	Reconciled	83,806.14	Deposit	Income:CREDIT CARD	
05/16/2022		TOYOTA FINANCE	SETF WORLD OMNI DES:BILL PAY ID:13373742831 INDN: SETF CW IMMEDIATE/IVR CO ID:7529064511 TEL	723.88		Reconciled	81,220.89	Check	7720 Car  Lease Expense	
05/16/2022		VERIZON	FIS*VERIZON DES:BILL PAY ID:6419065951 INDN: VERIZON MAIN VRU CO ID:7529071411 TEL	368.41		Reconciled	81,944.77	Check	8840 Telephone	
05/16/2022		BILLMATRIX	BILLMATRIX DES:BILLPAYFEE ID:6419065952 INDN:BILLMATRIX CO ID:7529000011 TEL	3.50		Reconciled	82,313.18	Check	7740 Bank Service Charges	
05/16/2022	1708	LAI F CHONG		5,000.00		Reconciled	82,316.68	Check	4520 Loan officer	
05/16/2022	1697	DA THAISON		1,258.50		Reconciled	87,316.68	Check	Purchase:Da Thaison Inc	
05/16/2022			MERCHANT BNKCD DES:DEPOSIT ID:266371382885 INDN:THAI KITCHEN 2 CO ID:F592126793 CCD		7,930.48	Reconciled	88,575.18	Deposit	Income:CREDIT CARD	
05/16/2022			MERCHANT BNKCD DES:DEPOSIT ID:266371382885 INDN:THAI KITCHEN 2 CO ID:F592126793 CCD		5,177.34	Reconciled	80,644.70	Deposit	Income:CREDIT CARD	
05/13/2022	1701	KAM KEU MARKET		3,765.55		Reconciled	75,467.36	Check	Purchase:KAM KEU ASIAN MARKET	
05/13/2022			MERCHANT BNKCD DES:DEPOSIT ID:266371382885 INDN:THAI KITCHEN 2 CO ID:F592126793 CCD		3,311.52	Reconciled	79,232.91	Deposit	Income:CREDIT CARD	
05/13/2022			DoorDash, Inc. DES:Disabled A ID:ST-N7N2G8R3N1P8 INDN:COUR THAI LLC CO ID:4270465600 CCD		2,086.74	Reconciled	75,921.39	Deposit	Income:DoorDash	
05/12/2022			MERCHANT BNKCD DES:DEPOSIT ID:266371382885 INDN:THAI KITCHEN 2 CO ID:F592126793 CCD		3,252.34	Reconciled	73,834.65	Deposit	Income:CREDIT CARD	
05/11/2022	5279	PAYROLL CHECK		2,111.93		Reconciled	70,582.31	Check	8400 Salaries and wages	
05/11/2022	5273	PAYROLL CHECK		698.79		Reconciled	72,694.24	Check	8400 Salaries and wages	
05/11/2022	5266	PAYROLL CHECK		698.78		Reconciled	73,393.03	Check	8400 Salaries and wages	
05/11/2022	1700	SEA PRIVATE SEAFOOD		1,395.50		Reconciled	74,091.81	Check	Purchase:Sea Pirate Seafood	
05/11/2022			MERCHANT BNKCD DES:DEPOSIT ID:266371382885 INDN:THAI KITCHEN 2 CO ID:F592126793 CCD		5,321.91	Reconciled	75,487.31	Deposit	Income:CREDIT CARD	
05/10/2022		BOA CC PMT	Online Banking payment to CRD 3563 Confirmation# 4123772320	4,528.12		Reconciled	70,165.40	Check	3410 BOA #3563/#7321	
05/10/2022	1699	C & S ASSOCIATES		1,315.00		Reconciled	74,693.52	Check	Rent:Dormitory	
05/09/2022		PAYCHEX EIB INVOICE	PAYCHEX EIB DES:INVOICE ID:X97147800004309 INDN:COUR THAI GROUP CORPOR CO ID:1161124166 CCD	147.12		Reconciled	76,008.52	Check	8460 Payroll Processing Fees	
05/09/2022	5265	PAYROLL CHECK		1,982.61		Reconciled	76,155.64	Check	8400 Salaries and wages	
05/09/2022	1698	LAI F CHONG		12,000.00		Reconciled	78,138.25	Check	8430 Payroll - Tips	
05/09/2022	1696	Levin Management		12,895.77		Reconciled	90,138.25	Check	Rent:Restaurant	
05/09/2022			MERCHANT BNKCD DES:DEPOSIT ID:266371382885 INDN:THAI KITCHEN 2 CO ID:F592126793 CCD		12,828.39	Reconciled	103,034.02	Deposit	Income:CREDIT CARD	
05/09/2022			MERCHANT BNKCD DES:DEPOSIT ID:266371382885 INDN:THAI KITCHEN 2 CO ID:F592126793 CCD		4,933.15	Reconciled	90,205.63	Deposit	Income:CREDIT CARD	
05/06/2022		PAYCHEX TPS TAXES	PAYCHEX TPS DES:TAXES ID:97142800006172X INDN:COUR THAI GROUP CORPOR CO ID:1161124166 CCD	2,057.33		Reconciled	85,272.48	Check	3140 Payroll Taxes Liabilities	
05/06/2022			MERCHANT BNKCD DES:DEPOSIT ID:266371382885 INDN:THAI KITCHEN 2 CO ID:F592126793 CCD		3,219.33	Reconciled	87,329.81	Deposit	Income:CREDIT CARD	
05/06/2022			DoorDash, Inc. DES:Disabled A ID:ST-L2D8L6E6S0W8 INDN:COUR THAI LLC CO ID:4270465600 CCD		1,858.04	Reconciled	84,110.48	Deposit	Income:DoorDash	
05/05/2022			MERCHANT BNKCD DES:DEPOSIT ID:266371382885 INDN:THAI KITCHEN 2 CO ID:F592126793 CCD		3,206.51	Reconciled	82,252.44	Deposit	Income:CREDIT CARD	
05/04/2022			MERCHANT BNKCD DES:DEPOSIT ID:266371382885 INDN:THAI KITCHEN 2 CO ID:F592126793 CCD		3,696.79	Reconciled	79,045.93	Deposit	Income:CREDIT CARD	
05/03/2022		MERCHANT BANKCD	MERCHANT BNKCD DES:DEPOSIT ID:266371382885 INDN:THAI KITCHEN 2 CO ID:F592126793 CCD	3,135.85		Reconciled	75,349.14	Check	7750 Credit Card Processing Fee	
05/03/2022	1694	KAM KEU MARKET		3,680.75		Reconciled	78,484.99	Check	Purchase:KAM KEU ASIAN MARKET	
05/03/2022			MERCHANT BNKCD DES:DEPOSIT ID:266371382885 INDN:THAI KITCHEN 2 CO ID:F592126793 CCD		2,810.30	Reconciled	82,165.74	Deposit	Income:CREDIT CARD	
05/02/2022	5294	PAYROLL CHECK		658.91		Reconciled	79,355.44	Check	8400 Salaries and wages	
05/02/2022	5286	PAYROLL CHECK		658.91		Reconciled	80,014.35	Check	8400 Salaries and wages	
05/02/2022	5282	PAYROLL CHECK		466.56		Reconciled	80,673.26	Check	8400 Salaries and wages	
05/02/2022	5281	PAYROLL CHECK		594.80		Reconciled	81,139.82	Check	8400 Salaries and wages	
05/02/2022	5275	PAYROLL CHECK		466.56		Reconciled	81,734.62	Check	8400 Salaries and wages	
05/02/2022	5274	PAYROLL CHECK		594.80		Reconciled	82,201.18	Check	8400 Salaries and wages	
05/02/2022	5272	PAYROLL CHECK		1,691.64		Reconciled	82,795.98	Check	8400 Salaries and wages	
05/02/2022	5268	PAYROLL CHECK		466.56		Reconciled	84,487.62	Check	8400 Salaries and wages	
05/02/2022	5267	PAYROLL CHECK		594.80		Reconciled	84,954.18	Check	8400 Salaries and wages	
05/02/2022	1693	DA THAISON		1,194.00		Reconciled	85,548.98	Check	Purchase:Da Thaison Inc	
05/02/2022			MERCHANT BNKCD DES:DEPOSIT ID:266371382885 INDN:THAI KITCHEN 2 CO ID:F592126793 CCD		8,822.69	Reconciled	86,742.98	Deposit	Income:CREDIT CARD	
05/02/2022			MERCHANT BNKCD DES:DEPOSIT ID:266371382885 INDN:THAI KITCHEN 2 CO ID:F592126793 CCD		2,535.81	Reconciled	77,920.29	Deposit	Income:CREDIT CARD	
04/29/2022	1692	COSTCO WHOLESALE		375.66		Reconciled	75,384.48	Check	Purchase:COSTCO	
04/29/2022			MERCHANT BNKCD DES:DEPOSIT ID:266371382885 INDN:THAI KITCHEN 2 CO ID:F592126793 CCD		3,543.53	Reconciled	75,760.14	Deposit	Income:CREDIT CARD	
04/29/2022			DoorDash, Inc. DES:Disabled A ID:ST-I4H0D2O3R8H3 INDN:COUR THAI LLC CO ID:4270465600 CCD		1,762.45	Reconciled	72,216.61	Deposit	Income:DoorDash	
04/28/2022			MERCHANT BNKCD DES:DEPOSIT ID:266371382885 INDN:THAI KITCHEN 2 CO ID:F592126793 CCD		3,068.10	Reconciled	70,454.16	Deposit	Income:CREDIT CARD	
04/27/2022	1689	SEA PRIVATE SEAFOOD		977.50		Reconciled	67,386.06	Check	Purchase:Sea Pirate Seafood	
04/27/2022			MERCHANT BNKCD DES:DEPOSIT ID:266371382885 INDN:THAI KITCHEN 2 CO ID:F592126793 CCD		4,801.24	Reconciled	68,363.56	Deposit	Income:CREDIT CARD	
04/26/2022		VERIZON	FIS*VERIZON DES:BILL PAY ID:6417866001 INDN: VERIZON MAIN VRU CO ID:7529071411 TEL	181.83		Reconciled	63,562.32	Check	8840 Telephone	
04/26/2022		BILLMATRIX	BILLMATRIX DES:BILLPAYFEE ID:6417866002 INDN:BILLMATRIX CO ID:7529000011 TEL	3.50		Reconciled	63,744.15	Check	7740 Bank Service Charges	
04/26/2022	5292	PAYROLL CHECK		554.92		Reconciled	63,747.65	Check	8400 Salaries and wages	
04/26/2022	5284	PAYROLL CHECK		554.91		Reconciled	64,302.57	Check	8400 Salaries and wages	
04/26/2022	5277	PAYROLL CHECK		554.92		Reconciled	64,857.48	Check	8400 Salaries and wages	
04/26/2022	5270	PAYROLL CHECK		554.91		Reconciled	65,412.40	Check	8400 Salaries and wages	
04/26/2022	1691	DA THAISON		1,339.00		Reconciled	65,967.31	Check	Purchase:Da Thaison Inc	
04/26/2022	1690	KAM KEU MARKET		3,353.20		Reconciled	67,306.31	Check	Purchase:KAM KEU ASIAN MARKET	
04/25/2022		PAYCHEX EIB INVOICE	PAYCHEX EIB DES:INVOICE ID:X96961700014729 INDN:COUR THAI GROUP CORPOR CO ID:1161124166 CCD	147.12		Reconciled	70,659.51	Check	8460 Payroll Processing Fees	
04/25/2022			MERCHANT BNKCD DES:DEPOSIT ID:266371382885 INDN:THAI KITCHEN 2 CO ID:F592126793 CCD		4,224.62	Reconciled	70,806.63	Deposit	Income:CREDIT CARD	
04/25/2022			MERCHANT BNKCD DES:DEPOSIT ID:266371382885 INDN:THAI KITCHEN 2 CO ID:F592126793 CCD		4,172.16	Reconciled	66,582.01	Deposit	Income:CREDIT CARD	
04/25/2022			MERCHANT BNKCD DES:DEPOSIT ID:266371382885 INDN:THAI KITCHEN 2 CO ID:F592126793 CCD		2,260.56	Reconciled	62,409.85	Deposit	Income:CREDIT CARD	
04/22/2022		PAYCHEX TPS TAXES	PAYCHEX TPS DES:TAXES ID:96956400006336X INDN:COUR THAI GROUP CORPOR CO ID:1161124166 CCD	2,043.54		Reconciled	60,149.29	Check	3140 Payroll Taxes Liabilities	
04/22/2022			MERCHANT BNKCD DES:DEPOSIT ID:266371382885 INDN:THAI KITCHEN 2 CO ID:F592126793 CCD		2,987.95	Reconciled	62,192.83	Deposit	Income:CREDIT CARD	
04/22/2022			DoorDash, Inc. DES:Disabled A ID:ST-X9Q3M1O8F8D3 INDN:COUR THAI LLC CO ID:4270465600 CCD		1,554.05	Reconciled	59,204.88	Deposit	Income:DoorDash	
04/21/2022		NJ S&U WEB PMT	NJ S&U WEB PMT DES:NJWEB55 ID:091000019871640 INDN:COUR THAI GROUP CORPOR CO ID:7216000928 CCD PMT INFO:TXP*B8439605	5,325.81		Reconciled	57,650.83	Check	6030 Sales Tax  Adjustment	
04/21/2022			MERCHANT BNKCD DES:DEPOSIT ID:266371382885 INDN:THAI KITCHEN 2 CO ID:F592126793 CCD		3,472.12	Reconciled	62,976.64	Deposit	Income:CREDIT CARD	
04/20/2022		IRS USATAXPYMT	IRS DES:USATAXPYMT ID:200251031006554 INDN:LAI F CHONG CO ID:3387702000 PPD	5,402.00		Reconciled	59,504.52	Check	Drawings:Federal Income Tax	
04/20/2022	1687	DA THAISON		1,552.50		Reconciled	64,906.52	Check	Purchase:Da Thaison Inc	
04/20/2022			MERCHANT BNKCD DES:DEPOSIT ID:266371382885 INDN:THAI KITCHEN 2 CO ID:F592126793 CCD		2,161.13	Reconciled	66,459.02	Deposit	Income:CREDIT CARD	
04/19/2022	1686	KAM KEU MARKET		3,503.50		Reconciled	64,297.89	Check	Purchase:KAM KEU ASIAN MARKET	
04/19/2022	1677	AUTO CHLOR SYSTEM		468.92		Reconciled	67,801.39	Check	8670 Dishwash expense	
04/19/2022			MERCHANT BNKCD DES:DEPOSIT ID:266371382885 INDN:THAI KITCHEN 2 CO ID:F592126793 CCD		3,040.84	Reconciled	68,270.31	Deposit	Income:CREDIT CARD	
04/18/2022		NJ WEB PMT	NJ WEB PMT 02101 DES:NJWEB02101 ID:091000019624802 INDN:COUR THAI GROUP CORPOR CO ID:7216000928 CCD PMT INFO:TXP*B843960	5,001.00		Reconciled	65,229.47	Check	8580 NJ CBT Tax	
04/18/2022	1688	LAI F CHONG		8,000.00		Reconciled	70,230.47	Check	4520 Loan officer	
04/18/2022			MERCHANT BNKCD DES:DEPOSIT ID:266371382885 INDN:THAI KITCHEN 2 CO ID:F592126793 CCD		5,727.36	Reconciled	78,230.47	Deposit	Income:CREDIT CARD	
04/18/2022			MERCHANT BNKCD DES:DEPOSIT ID:266371382885 INDN:THAI KITCHEN 2 CO ID:F592126793 CCD		1,585.07	Reconciled	72,503.11	Deposit	Income:CREDIT CARD	
04/15/2022	5259	PAYROLL CHECK		698.79		Reconciled	70,918.04	Check	8400 Salaries and wages	
04/15/2022	5258	PAYROLL CHECK		1,995.90		Reconciled	71,616.83	Check	8400 Salaries and wages	
04/15/2022	5252	PAYROLL CHECK		698.78		Reconciled	73,612.73	Check	8400 Salaries and wages	
04/15/2022	5251	PAYROLL CHECK		1,560.39		Reconciled	74,311.51	Check	8400 Salaries and wages	
04/15/2022	5235	PAYROLL CHECK		685.52		Reconciled	75,871.90	Check	8400 Salaries and wages	
04/15/2022			MERCHANT BNKCD DES:DEPOSIT ID:266371382885 INDN:THAI KITCHEN 2 CO ID:F592126793 CCD		2,149.51	Reconciled	76,557.42	Deposit	Income:CREDIT CARD	
04/15/2022			DoorDash, Inc. DES:Disabled A ID:ST-D3A5S4R2L4V0 INDN:COUR THAI LLC CO ID:4270465600 CCD		1,819.59	Reconciled	74,407.91	Deposit	Income:DoorDash	
04/14/2022			MERCHANT BNKCD DES:DEPOSIT ID:266371382885 INDN:THAI KITCHEN 2 CO ID:F592126793 CCD		3,038.52	Reconciled	72,588.32	Deposit	Income:CREDIT CARD	
04/13/2022		BOA CC PMT	Online Banking payment to CRD 0241 Confirmation# 0690417895	2,907.05		Reconciled	69,549.80	Check	3400 BOA #0241	
04/13/2022			MERCHANT BNKCD DES:DEPOSIT ID:266371382885 INDN:THAI KITCHEN 2 CO ID:F592126793 CCD		4,476.37	Reconciled	72,456.85	Deposit	Income:CREDIT CARD	
04/12/2022	1684	KAM KEU MARKET		3,285.80		Reconciled	67,980.48	Check	Purchase:KAM KEU ASIAN MARKET	
04/12/2022	1683	SEA PRIVATE SEAFOOD		1,281.80		Reconciled	71,266.28	Check	Purchase:Sea Pirate Seafood	
04/11/2022	1682	DA THAISON		1,293.00		Reconciled	72,548.08	Check	Purchase:Da Thaison Inc	
04/11/2022	1675	HORIZON		1,222.53		Reconciled	73,841.08	Check	8150 Health Insurance	
04/11/2022	1674	REPUBLIC SERVICE		188.88		Reconciled	75,063.61	Check	8880 Waste Management	
04/11/2022	1671	DA THAISON		1,305.40		Reconciled	75,252.49	Check	Purchase:Da Thaison Inc	
04/11/2022			MERCHANT BNKCD DES:DEPOSIT ID:266371382885 INDN:THAI KITCHEN 2 CO ID:F592126793 CCD		10,425.76	Reconciled	76,557.89	Deposit	Income:CREDIT CARD	
04/11/2022			MERCHANT BNKCD DES:DEPOSIT ID:266371382885 INDN:THAI KITCHEN 2 CO ID:F592126793 CCD		2,701.94	Reconciled	66,132.13	Deposit	Income:CREDIT CARD	
04/08/2022		PAYCHEX TPS TAXES	PAYCHEX TPS DES:TAXES ID:96755300023744X INDN:COUR THAI GROUP CORPOR CO ID:1161124166 CCD	2,164.54		Reconciled	63,430.19	Check	3140 Payroll Taxes Liabilities	
04/08/2022		PAYCHEX EIB INVOICE	PAYCHEX EIB DES:INVOICE ID:X96765500001589 INDN:COUR THAI GROUP CORPOR CO ID:1161124166 CCD	164.62		Reconciled	65,594.73	Check	8460 Payroll Processing Fees	
04/08/2022	1680	MACINTOSH		187.56		Reconciled	65,759.35	Check	8940 Uniform	
04/08/2022	1679	Levin Management		13,785.35		Reconciled	65,946.91	Check	Rent:Restaurant	
04/08/2022	1678	C & S ASSOCIATES		1,615.00		Reconciled	79,732.26	Check	Rent:Dormitory	
04/08/2022	1672	KAM KEU MARKET		3,463.40		Reconciled	81,347.26	Check	Purchase:KAM KEU ASIAN MARKET	
04/08/2022	1668	LAI F CHONG		7,000.00		Reconciled	84,810.66	Check	4520 Loan officer	
04/08/2022			MERCHANT BNKCD DES:DEPOSIT ID:266371382885 INDN:THAI KITCHEN 2 CO ID:F592126793 CCD		2,755.92	Reconciled	91,810.66	Deposit	Income:CREDIT CARD	
04/08/2022			DoorDash, Inc. DES:Disabled A ID:ST-N4X3V2E5L5T9 INDN:COUR THAI LLC CO ID:4270465600 CCD		1,622.93	Reconciled	89,054.74	Deposit	Income:DoorDash	
04/07/2022			MERCHANT BNKCD DES:DEPOSIT ID:266371382885 INDN:THAI KITCHEN 2 CO ID:F592126793 CCD		3,062.51	Reconciled	87,431.81	Deposit	Income:CREDIT CARD	
04/06/2022	1681	X & Y PACKAGING TRADING INC		1,450.25		Reconciled	84,369.30	Check	Purchase:X & Y PACKAGING TRADING INC	
04/06/2022	1676	PSE&G		3,641.94		Reconciled	85,819.55	Check	Utilities:Gas and Electric	
04/06/2022	1670	SEA PRIVATE SEAFOOD		1,245.70		Reconciled	89,461.49	Check	Purchase:Sea Pirate Seafood	
04/06/2022			MERCHANT BNKCD DES:DEPOSIT ID:266371382885 INDN:THAI KITCHEN 2 CO ID:F592126793 CCD		3,622.06	Reconciled	90,707.19	Deposit	Income:CREDIT CARD	
04/05/2022	1663	SEA PRIVATE SEAFOOD		554.10		Reconciled	87,085.13	Check	Purchase:Sea Pirate Seafood	
04/05/2022			MERCHANT BNKCD DES:DEPOSIT ID:266371382885 INDN:THAI KITCHEN 2 CO ID:F592126793 CCD		2,175.26	Reconciled	87,639.23	Deposit	Income:CREDIT CARD	
04/04/2022		MERCHANT BANKCD	MERCHANT BNKCD DES:DEPOSIT ID:266371382885 INDN:THAI KITCHEN 2 CO ID:F592126793 CCD	3,009.92		Reconciled	85,463.97	Check	7750 Credit Card Processing Fee	
04/04/2022	5245	PAYROLL CHECK		1,419.16		Reconciled	88,473.89	Check	8400 Salaries and wages	
04/04/2022			MERCHANT BNKCD DES:DEPOSIT ID:266371382885 INDN:THAI KITCHEN 2 CO ID:F592126793 CCD		7,692.09	Reconciled	89,893.05	Deposit	Income:CREDIT CARD	
04/04/2022			MERCHANT BNKCD DES:DEPOSIT ID:266371382885 INDN:THAI KITCHEN 2 CO ID:F592126793 CCD		4,926.80	Reconciled	82,200.96	Deposit	Income:CREDIT CARD	
04/01/2022			MERCHANT BNKCD DES:DEPOSIT ID:266371382885 INDN:THAI KITCHEN 2 CO ID:F592126793 CCD		3,186.19	Reconciled	77,274.16	Deposit	Income:CREDIT CARD	
04/01/2022			DoorDash, Inc. DES:Disabled A ID:ST-V7T2Y1J1I7R7 INDN:COUR THAI LLC CO ID:4270465600 CCD		1,537.42	Reconciled	74,087.97	Deposit	Income:DoorDash	
03/31/2022			MERCHANT BNKCD DES:DEPOSIT ID:266371382885 INDN:THAI KITCHEN 2 CO ID:F592126793 CCD		3,012.37	Reconciled	72,550.55	Deposit	Income:CREDIT CARD	
03/30/2022	1669	KAM KEU MARKET		3,542.35		Reconciled	69,538.18	Check	Purchase:KAM KEU ASIAN MARKET	
03/30/2022			MERCHANT BNKCD DES:DEPOSIT ID:266371382885 INDN:THAI KITCHEN 2 CO ID:F592126793 CCD		2,498.16	Reconciled	73,080.53	Deposit	Income:CREDIT CARD	
03/29/2022			MERCHANT BNKCD DES:DEPOSIT ID:266371382885 INDN:THAI KITCHEN 2 CO ID:F592126793 CCD		2,256.34	Reconciled	70,582.37	Deposit	Income:CREDIT CARD	
03/28/2022		PAYCHEX EIB INVOICE	PAYCHEX EIB DES:INVOICE ID:X96598200009505 INDN:COUR THAI GROUP CORPOR CO ID:1161124166 CCD	140.80		Reconciled	68,326.03	Check	8460 Payroll Processing Fees	
03/28/2022	1667	DA THAISON		1,211.50		Reconciled	68,466.83	Check	Purchase:Da Thaison Inc	
03/28/2022					2,502.00	Reconciled	69,678.33	Deposit	Income:Cash	
03/28/2022			MERCHANT BNKCD DES:DEPOSIT ID:266371382885 INDN:THAI KITCHEN 2 CO ID:F592126793 CCD		5,996.70	Reconciled	67,176.33	Deposit	Income:CREDIT CARD	
03/28/2022			MERCHANT BNKCD DES:DEPOSIT ID:266371382885 INDN:THAI KITCHEN 2 CO ID:F592126793 CCD		5,095.93	Reconciled	61,179.63	Deposit	Income:CREDIT CARD	
03/25/2022		PAYCHEX TPS TAXES	PAYCHEX TPS DES:TAXES ID:96592800006020X INDN:COUR THAI GROUP CORPOR CO ID:1161124166 CCD	1,626.28		Reconciled	56,083.70	Check	3140 Payroll Taxes Liabilities	
03/25/2022			MERCHANT BNKCD DES:DEPOSIT ID:266371382885 INDN:THAI KITCHEN 2 CO ID:F592126793 CCD		3,114.64	Reconciled	57,709.98	Deposit	Income:CREDIT CARD	
03/25/2022			DoorDash, Inc. DES:Disabled A ID:ST-P1P7G4J3K8E3 INDN:COUR THAI LLC CO ID:4270465600 CCD		1,858.09	Reconciled	54,595.34	Deposit	Income:DoorDash	
03/24/2022	1665	KAM KEU MARKET		3,012.85		Reconciled	52,737.25	Check	Purchase:KAM KEU ASIAN MARKET	
03/24/2022			MERCHANT BNKCD DES:DEPOSIT ID:266371382885 INDN:THAI KITCHEN 2 CO ID:F592126793 CCD		3,111.21	Reconciled	55,750.10	Deposit	Income:CREDIT CARD	
03/23/2022	1662	KAM KEU MARKET		3,735.05		Reconciled	52,638.89	Check	Purchase:KAM KEU ASIAN MARKET	
03/23/2022			MERCHANT BNKCD DES:DEPOSIT ID:266371382885 INDN:THAI KITCHEN 2 CO ID:F592126793 CCD		3,517.49	Reconciled	56,373.94	Deposit	Income:CREDIT CARD	
03/22/2022			MERCHANT BNKCD DES:DEPOSIT ID:266371382885 INDN:THAI KITCHEN 2 CO ID:F592126793 CCD		2,202.59	Reconciled	52,856.45	Deposit	Income:CREDIT CARD	
03/21/2022		ICON PAYMENTS LL	Icon Payments LL DES:withdraw ID:266371382885 INDN:THAI KITCHEN 2 CO ID:1002005424 CCD PMT INFO:withdraw	19,851.77		Reconciled	50,653.86	Check	3520 Due to Taste of Thai	
03/21/2022		CSL	Agent Assisted payment to CSL 0419 Confirmation# ud5agpuxj	729.33		Reconciled	70,505.63	Check	3800 PPP LOAN	
03/21/2022		NJ S&U WEB PMT	NJ WEB PMT 04110 DES:NJWEB04110 ID:091000019140010 INDN:COUR THAI GROUP CORPOR CO ID:7216000928 CCD PMT INFO:TXP*B843960	4,947.81		Reconciled	71,234.96	Check	6030 Sales Tax  Adjustment	
03/21/2022	1664	DA THAISON		2,962.90		Reconciled	76,182.77	Check	Purchase:Da Thaison Inc	
03/21/2022			MERCHANT BNKCD DES:DEPOSIT ID:266371382885 INDN:THAI KITCHEN 2 CO ID:F592126793 CCD		5,835.69	Reconciled	79,145.67	Deposit	Income:CREDIT CARD	
03/21/2022			MERCHANT BNKCD DES:DEPOSIT ID:266371382885 INDN:THAI KITCHEN 2 CO ID:F592126793 CCD		4,086.97	Reconciled	73,309.98	Deposit	Income:CREDIT CARD	
03/18/2022			MERCHANT BNKCD DES:DEPOSIT ID:266371382885 INDN:THAI KITCHEN 2 CO ID:F592126793 CCD		2,593.42	Reconciled	69,223.01	Deposit	Income:CREDIT CARD	
03/18/2022			DoorDash, Inc. DES:Disabled A ID:ST-R9A2I9L1W0V2 INDN:COUR THAI LLC CO ID:4270465600 CCD		1,588.61	Reconciled	66,629.59	Deposit	Income:DoorDash	
03/17/2022	1661	SEA PRIVATE SEAFOOD		792.10		Reconciled	65,040.98	Check	Purchase:Sea Pirate Seafood	
03/17/2022	1636	THUNYAWAK PANSAAD		1,600.00		Reconciled	65,833.08	Check	8380 Outside Service	
03/17/2022			MERCHANT BNKCD DES:DEPOSIT ID:266371382885 INDN:THAI KITCHEN 2 CO ID:F592126793 CCD		2,967.48	Reconciled	67,433.08	Deposit	Income:CREDIT CARD	
03/16/2022		BOA CC PMT	Online Banking payment to CRD 0241 Confirmation# 1748158086	2,448.60		Reconciled	64,465.60	Check	3400 BOA #0241	
03/16/2022			MERCHANT BNKCD DES:DEPOSIT ID:266371382885 INDN:THAI KITCHEN 2 CO ID:F592126793 CCD		2,167.74	Reconciled	66,914.20	Deposit	Income:CREDIT CARD	
03/15/2022		ICON PAYMENTS LL	Icon Payments LL DES:withdraw ID:266371382885 INDN:THAI KITCHEN 2 CO ID:1002005424 CCD PMT INFO:withdraw	19,851.80		Reconciled	64,746.46	Check	3520 Due to Taste of Thai	
03/15/2022			MERCHANT BNKCD DES:DEPOSIT ID:266371382885 INDN:THAI KITCHEN 2 CO ID:F592126793 CCD		1,740.18	Reconciled	84,598.26	Deposit	Income:CREDIT CARD	
03/14/2022		PAYCHEX EIB INVOICE	PAYCHEX EIB DES:INVOICE ID:X96419700020021 INDN:COUR THAI GROUP CORPOR CO ID:1161124166 CCD	140.80		Reconciled	82,858.08	Check	8460 Payroll Processing Fees	
03/14/2022	5264	PAYROLL CHECK		694.02		Reconciled	82,998.88	Check	8400 Salaries and wages	
03/14/2022	5257	PAYROLL CHECK		636.39		Reconciled	83,692.90	Check	8400 Salaries and wages	
03/14/2022	5250	PAYROLL CHECK		612.91		Reconciled	84,329.29	Check	8400 Salaries and wages	
03/14/2022	5246	PAYROLL CHECK		698.79		Reconciled	84,942.20	Check	8400 Salaries and wages	
03/14/2022	5244	PAYROLL CHECK		645.03		Reconciled	85,640.99	Check	8400 Salaries and wages	
03/14/2022	5240	PAYROLL CHECK		698.78		Reconciled	86,286.02	Check	8400 Salaries and wages	
03/14/2022	5239	PAYROLL CHECK		1,366.20		Reconciled	86,984.80	Check	8400 Salaries and wages	
03/14/2022	5238	PAYROLL CHECK		649.17		Reconciled	88,351.00	Check	8400 Salaries and wages	
03/14/2022	5234	PAYROLL CHECK		1,949.95		Reconciled	89,000.17	Check	8400 Salaries and wages	
03/14/2022	5233	PAYROLL CHECK		607.37		Reconciled	90,950.12	Check	8400 Salaries and wages	
03/14/2022			MERCHANT BNKCD DES:DEPOSIT ID:266371382885 INDN:THAI KITCHEN 2 CO ID:F592126793 CCD		8,371.50	Reconciled	91,557.49	Deposit	Income:CREDIT CARD	
03/14/2022			MERCHANT BNKCD DES:DEPOSIT ID:266371382885 INDN:THAI KITCHEN 2 CO ID:F592126793 CCD		2,412.70	Reconciled	83,185.99	Deposit	Income:CREDIT CARD	
03/11/2022		PAYCHEX TPS TAXES	PAYCHEX TPS DES:TAXES ID:96411500005849X INDN:COUR THAI GROUP CORPOR CO ID:1161124166 CCD	1,864.28		Reconciled	80,773.29	Check	3140 Payroll Taxes Liabilities	
03/11/2022	1659	DM CLEANING UP SERVICES LLC		450.00		Reconciled	82,637.57	Check	8660 Repairs & maintenance	
03/11/2022	1657	C & S ASSOCIATES		1,315.00		Reconciled	83,087.57	Check	Rent:Dormitory	
03/11/2022			MERCHANT BNKCD DES:DEPOSIT ID:266371382885 INDN:THAI KITCHEN 2 CO ID:F592126793 CCD		2,637.73	Reconciled	84,402.57	Deposit	Income:CREDIT CARD	
03/11/2022			DoorDash, Inc. DES:Disabled A ID:ST-Y1S7F1H7G6G6 INDN:COUR THAI LLC CO ID:4270465600 CCD		1,665.38	Reconciled	81,764.84	Deposit	Income:DoorDash	
03/10/2022		ICON PAYMENTS LL	Icon Payments LL DES:withdraw ID:266371382885 INDN:THAI KITCHEN 2 CO ID:1002005424 CCD PMT INFO:withdraw	19,851.80		Reconciled	80,099.46	Check	3520 Due to Taste of Thai	
03/10/2022	1658	KAM KEU MARKET		2,722.30		Reconciled	99,951.26	Check	Purchase:KAM KEU ASIAN MARKET	
03/10/2022			MERCHANT BNKCD DES:DEPOSIT ID:266371382885 INDN:THAI KITCHEN 2 CO ID:F592126793 CCD		2,240.69	Reconciled	102,673.56	Deposit	Income:CREDIT CARD	
03/09/2022	5261	PAYROLL CHECK		466.56		Reconciled	100,432.87	Check	8400 Salaries and wages	
03/09/2022	5260	PAYROLL CHECK		594.80		Reconciled	100,899.43	Check	8400 Salaries and wages	
03/09/2022	5254	PAYROLL CHECK		466.56		Reconciled	101,494.23	Check	8400 Salaries and wages	
03/09/2022	5253	PAYROLL CHECK		594.80		Reconciled	101,960.79	Check	8400 Salaries and wages	
03/09/2022			MERCHANT BNKCD DES:DEPOSIT ID:266371382885 INDN:THAI KITCHEN 2 CO ID:F592126793 CCD		2,141.82	Reconciled	102,555.59	Deposit	Income:CREDIT CARD	
03/08/2022		ICON PAYMENTS LL	Icon Payments LL DES:withdraw ID:266371382885 INDN:THAI KITCHEN 2 CO ID:1002005424 CCD PMT INFO:withdraw	19,851.80		Reconciled	100,413.77	Check	3520 Due to Taste of Thai	
03/08/2022	1653	Levin Management		12,895.77		Reconciled	120,265.57	Check	Rent:Restaurant	
03/08/2022			MERCHANT BNKCD DES:DEPOSIT ID:266371382885 INDN:THAI KITCHEN 2 CO ID:F592126793 CCD		4,570.76	Reconciled	133,161.34	Deposit	Income:CREDIT CARD	
03/07/2022	5263	PAYROLL CHECK		554.92		Reconciled	128,590.58	Check	8400 Salaries and wages	
03/07/2022	5256	PAYROLL CHECK		554.91		Reconciled	129,145.50	Check	8400 Salaries and wages	
03/07/2022	5249	PAYROLL CHECK		554.92		Reconciled	129,700.41	Check	8400 Salaries and wages	
03/07/2022	5243	PAYROLL CHECK		554.91		Reconciled	130,255.33	Check	8400 Salaries and wages	
03/07/2022	5242	PAYROLL CHECK		608.24		Reconciled	130,810.24	Check	8400 Salaries and wages	
03/07/2022	5236	PAYROLL CHECK		621.70		Reconciled	131,418.48	Check	8400 Salaries and wages	
03/07/2022	5231	PAYROLL CHECK		588.90		Reconciled	132,040.18	Check	8400 Salaries and wages	
03/07/2022	5226	PAYROLL CHECK		631.43		Reconciled	132,629.08	Check	8400 Salaries and wages	
03/07/2022	5220	PAYROLL CHECK		602.23		Reconciled	133,260.51	Check	8400 Salaries and wages	
03/07/2022	5215	PAYROLL CHECK		567.74		Reconciled	133,862.74	Check	8400 Salaries and wages	
03/07/2022	5210	PAYROLL CHECK		652.25		Reconciled	134,430.48	Check	8400 Salaries and wages	
03/07/2022	5205	PAYROLL CHECK		594.35		Reconciled	135,082.73	Check	8400 Salaries and wages	
03/07/2022	1660	LAI F CHONG		7,000.00		Reconciled	135,677.08	Check	4520 Loan officer	
03/07/2022	1656	REPUBLIC SERVICE		190.18		Reconciled	142,677.08	Check	8880 Waste Management	
03/07/2022	1655	DA THAISON		1,635.50		Reconciled	142,867.26	Check	Purchase:Da Thaison Inc	
03/07/2022			MERCHANT BNKCD DES:DEPOSIT ID:266371382885 INDN:THAI KITCHEN 2 CO ID:F592126793 CCD		4,860.95	Reconciled	144,502.76	Deposit	Income:CREDIT CARD	
03/07/2022			MERCHANT BNKCD DES:DEPOSIT ID:266371382885 INDN:THAI KITCHEN 2 CO ID:F592126793 CCD		3,910.49	Reconciled	139,641.81	Deposit	Income:CREDIT CARD	
03/04/2022		ICON PAYMENTS LL	Icon Payments LL DES:withdraw ID:266371382885 INDN:THAI KITCHEN 2 CO ID:1002005424 CCD PMT INFO:withdraw	19,851.80		Reconciled	135,731.32	Check	3520 Due to Taste of Thai	
03/04/2022	1654	KAM KEU MARKET		3,544.60		Reconciled	155,583.12	Check	Purchase:KAM KEU ASIAN MARKET	
03/04/2022			MERCHANT BNKCD DES:DEPOSIT ID:266371382885 INDN:THAI KITCHEN 2 CO ID:F592126793 CCD		3,029.37	Reconciled	159,127.72	Deposit	Income:CREDIT CARD	
03/04/2022			DoorDash, Inc. DES:Disabled A ID:ST-X7C0Q0M1G1J3 INDN:COUR THAI LLC CO ID:4270465600 CCD		1,870.94	Reconciled	156,098.35	Deposit	Income:DoorDash	
03/03/2022		MERCHANT BANKCD	MERCHANT BNKCD DES:DEPOSIT ID:266371382885 INDN:THAI KITCHEN 2 CO ID:F592126793 CCD	2,748.97		Reconciled	154,227.41	Check	7750 Credit Card Processing Fee	
03/03/2022			MERCHANT BNKCD DES:DEPOSIT ID:266371382885 INDN:THAI KITCHEN 2 CO ID:F592126793 CCD		2,664.68	Reconciled	156,976.38	Deposit	Income:CREDIT CARD	
03/02/2022			Icon Payments LL DES:withdraw ID:266371382885 INDN:THAI KITCHEN 2 CO ID:1002005424 CCD PMT INFO:withdraw		19,851.80	Reconciled	154,311.70	Deposit	3520 Due to Taste of Thai	
03/02/2022			MERCHANT BNKCD DES:DEPOSIT ID:266371382885 INDN:THAI KITCHEN 2 CO ID:F592126793 CCD		1,902.28	Reconciled	134,459.90	Deposit	Income:CREDIT CARD	
03/01/2022	1644	NJ AMERICAN WATER		1,972.42		Reconciled	132,557.62	Check	Utilities:Water	
03/01/2022			MERCHANT BNKCD DES:DEPOSIT ID:266371382885 INDN:THAI KITCHEN 2 CO ID:F592126793 CCD		2,459.95	Reconciled	134,530.04	Deposit	Income:CREDIT CARD	
02/28/2022		PAYCHEX EIB INVOICE	PAYCHEX EIB DES:INVOICE ID:X96234400025903 INDN:COUR THAI GROUP CORPOR CO ID:1161124166 CCD	140.80		Reconciled	132,070.09	Check	8460 Payroll Processing Fees	
02/28/2022		MERCHANT BANKCD	MERCHANT BNKCD DES:DEPOSIT ID:266371382885 INDN:THAI KITCHEN 2 CO ID:F592126793 CCD	0.26		Reconciled	132,210.89	Check	Income:CREDIT CARD	
02/28/2022	1652	DA THAISON		1,296.00		Reconciled	132,211.15	Check	Purchase:Da Thaison Inc	
02/28/2022			MERCHANT BNKCD DES:DEPOSIT ID:266371382885 INDN:THAI KITCHEN 2 CO ID:F592126793 CCD		6,540.96	Reconciled	133,507.15	Deposit	Income:CREDIT CARD	
02/28/2022			MERCHANT BNKCD DES:DEPOSIT ID:266371382885 INDN:THAI KITCHEN 2 CO ID:F592126793 CCD		3,552.03	Reconciled	126,966.19	Deposit	Income:CREDIT CARD	
02/25/2022		PAYCHEX TPS TAXES	PAYCHEX TPS DES:TAXES ID:96228400006234X INDN:COUR THAI GROUP CORPOR CO ID:1161124166 CCD	1,919.94		Reconciled	123,414.16	Check	3140 Payroll Taxes Liabilities	
02/25/2022		MERCHANT BANKCD	MERCHANT BNKCD DES:DEPOSIT ID:266371382885 INDN:THAI KITCHEN 2 CO ID:F592126793 CCD	0.49		Reconciled	125,334.10	Check	Income:CREDIT CARD	
02/25/2022	1647	JIM ZHANG CPA		6,400.00		Reconciled	125,334.59	Check	Professional Fees:Accounting	
02/25/2022	1641	HORIZON		2,445.06		Reconciled	131,734.59	Check	8150 Health Insurance	
02/25/2022			MERCHANT BNKCD DES:DEPOSIT ID:266371382885 INDN:THAI KITCHEN 2 CO ID:F592126793 CCD		2,500.16	Reconciled	134,179.65	Deposit	Income:CREDIT CARD	
02/25/2022			DoorDash, Inc. DES:Disabled A ID:ST-G7T6K7S0M9Y4 INDN:COUR THAI LLC CO ID:4270465600 CCD		1,750.74	Reconciled	131,679.49	Deposit	Income:DoorDash	
02/24/2022	1646	VERIZON		117.25		Reconciled	129,928.75	Check	8840 Telephone	
02/24/2022	1643	REPUBLIC SERVICE		188.88		Reconciled	130,046.00	Check	8880 Waste Management	
02/24/2022	1642	ECOLAB		137.38		Reconciled	130,234.88	Check	8870 Pest Control	
02/24/2022			MERCHANT BNKCD DES:DEPOSIT ID:266371382885 INDN:THAI KITCHEN 2 CO ID:F592126793 CCD		2,143.95	Reconciled	130,372.26	Deposit	Income:CREDIT CARD	
02/23/2022		MERCHANT BANKCD	MERCHANT BNKCD DES:DEPOSIT ID:266371382885 INDN:THAI KITCHEN 2 CO ID:F592126793 CCD	0.82		Reconciled	128,228.31	Check	Income:CREDIT CARD	
02/23/2022	1651	RESTAURANT DEPOT		1,774.69		Reconciled	128,229.13	Check	Purchase:Restaurant Depot	
02/23/2022	1640	DA THAISON		1,415.00		Reconciled	130,003.82	Check	Purchase:Da Thaison Inc	
02/23/2022			MERCHANT BNKCD DES:DEPOSIT ID:266371382885 INDN:THAI KITCHEN 2 CO ID:F592126793 CCD		5,790.05	Reconciled	131,418.82	Deposit	Income:CREDIT CARD	
02/22/2022		NJ S&U WEB PMT	NJ WEB PMT 04110 DES:NJWEB04110 ID:091000018841666 INDN:COUR THAI GROUP CORPOR CO ID:7216000928 CCD PMT INFO:TXP*B843960	4,800.11		Reconciled	125,628.77	Check	6030 Sales Tax  Adjustment	
02/22/2022	1650	KAM KEU MARKET		3,523.90		Reconciled	130,428.88	Check	Purchase:KAM KEU ASIAN MARKET	
02/22/2022	1649	SEA PRIVATE SEAFOOD		914.20		Reconciled	133,952.78	Check	Purchase:Sea Pirate Seafood	
02/22/2022	1648	LAI F CHONG		8,000.00		Reconciled	134,866.98	Check	4520 Loan officer	
02/22/2022	1645	PSE&G		2,319.68		Reconciled	142,866.98	Check	Utilities:Gas and Electric	
02/22/2022	1637	COSTCO WHOLESALE		207.82		Reconciled	145,186.66	Check	Purchase:COSTCO	
02/22/2022			MERCHANT BNKCD DES:DEPOSIT ID:266371382885 INDN:THAI KITCHEN 2 CO ID:F592126793 CCD		7,301.50	Reconciled	145,394.48	Deposit	Income:CREDIT CARD	
02/22/2022			MERCHANT BNKCD DES:DEPOSIT ID:266371382885 INDN:THAI KITCHEN 2 CO ID:F592126793 CCD		5,180.05	Reconciled	138,092.98	Deposit	Income:CREDIT CARD	
02/18/2022		MERCHANT BANKCD	MERCHANT BNKCD DES:DEPOSIT ID:266371382885 INDN:THAI KITCHEN 2 CO ID:F592126793 CCD	1.01		Reconciled	132,912.93	Check	Income:CREDIT CARD	
02/18/2022			MERCHANT BNKCD DES:DEPOSIT ID:266371382885 INDN:THAI KITCHEN 2 CO ID:F592126793 CCD		2,559.91	Reconciled	132,913.94	Deposit	Income:CREDIT CARD	
02/18/2022			DoorDash, Inc. DES:Disabled A ID:ST-Y7C9W3W0R0T1 INDN:COUR THAI LLC CO ID:4270465600 CCD		1,149.66	Reconciled	130,354.03	Deposit	Income:DoorDash	
02/17/2022		MERCHANT BANKCD	MERCHANT BNKCD DES:DEPOSIT ID:266371382885 INDN:THAI KITCHEN 2 CO ID:F592126793 CCD	0.33		Reconciled	129,204.37	Check	Income:CREDIT CARD	
02/17/2022	1639	KAM KEU MARKET		2,951.45		Reconciled	129,204.70	Check	Purchase:KAM KEU ASIAN MARKET	
02/17/2022			MERCHANT BNKCD DES:DEPOSIT ID:266371382885 INDN:THAI KITCHEN 2 CO ID:F592126793 CCD		2,008.71	Reconciled	132,156.15	Deposit	Income:CREDIT CARD	
02/16/2022		NJ WEB PMT	NJ WEB PMT 02301 DES:NJWEB02301 ID:091000018797227 INDN:COUR THAI GROUP CORPOR CO ID:7216000928 CCD PMT INFO:TXP*B843960	25,536.00		Reconciled	130,147.44	Check	8580 NJ CBT Tax	
02/16/2022		MERCHANT BANKCD	MERCHANT BNKCD DES:DEPOSIT ID:266371382885 INDN:THAI KITCHEN 2 CO ID:F592126793 CCD	0.18		Reconciled	155,683.44	Check	Income:CREDIT CARD	
02/16/2022			MERCHANT BNKCD DES:DEPOSIT ID:266371382885 INDN:THAI KITCHEN 2 CO ID:F592126793 CCD		1,898.05	Reconciled	155,683.62	Deposit	Income:CREDIT CARD	
02/15/2022		BOA CC PMT	Online Banking payment to CRD 0241 Confirmation# 0197998790	2,809.21		Reconciled	153,785.57	Check	3400 BOA #0241	
02/15/2022		Online Banking payment to CSL 0419	Online Banking payment to CSL 0419 Confirmation# 3798010165	243.31		Reconciled	156,594.78	Check	3800 PPP LOAN	
02/15/2022	1628	CHONG AH WAH		8,800.00		Reconciled	156,838.09	Check	4520 Loan officer	
02/15/2022			MERCHANT BNKCD DES:DEPOSIT ID:266371382885 INDN:THAI KITCHEN 2 CO ID:F592126793 CCD		5,225.15	Reconciled	165,638.09	Deposit	Income:CREDIT CARD	
02/14/2022		IRS USATAXPYMT	IRS DES:USATAXPYMT ID:222244585393340 INDN:LAI F CHONG CO ID:3387702000 WEB	64,000.00		Reconciled	160,412.94	Check	Drawings:Federal Income Tax	
02/14/2022		MERCHANT BANKCD	MERCHANT BNKCD DES:DEPOSIT ID:266371382885 INDN:THAI KITCHEN 2 CO ID:F592126793 CCD	1.15		Reconciled	224,412.94	Check	Income:CREDIT CARD	
02/14/2022		MERCHANT BANKCD	MERCHANT BNKCD DES:DEPOSIT ID:266371382885 INDN:THAI KITCHEN 2 CO ID:F592126793 CCD	0.11		Reconciled	224,414.09	Check	Income:CREDIT CARD	
02/14/2022	5237	PAYROLL CHECK		540.91		Reconciled	224,414.20	Check	8400 Salaries and wages	
02/14/2022	5232	PAYROLL CHECK		540.91		Reconciled	224,955.11	Check	8400 Salaries and wages	
02/14/2022	5227	PAYROLL CHECK		540.91		Reconciled	225,496.02	Check	8400 Salaries and wages	
02/14/2022	5222	PAYROLL CHECK		540.91		Reconciled	226,036.93	Check	8400 Salaries and wages	
02/14/2022	1638	DA THAISON		1,330.50		Reconciled	226,577.84	Check	Purchase:Da Thaison Inc	
02/14/2022			MERCHANT BNKCD DES:DEPOSIT ID:266371382885 INDN:THAI KITCHEN 2 CO ID:F592126793 CCD		5,404.32	Reconciled	227,908.34	Deposit	Income:CREDIT CARD	
02/14/2022			MERCHANT BNKCD DES:DEPOSIT ID:266371382885 INDN:THAI KITCHEN 2 CO ID:F592126793 CCD		5,270.38	Reconciled	222,504.02	Deposit	Income:CREDIT CARD	
02/11/2022		PAYCHEX TPS TAXES	PAYCHEX TPS DES:TAXES ID:96029200024797X INDN:COUR THAI GROUP CORPOR CO ID:1161124166 CCD	1,584.47		Reconciled	217,233.64	Check	3140 Payroll Taxes Liabilities	
02/11/2022		PAYCHEX EIB INVOICE	PAYCHEX EIB DES:INVOICE ID:X96035700054446 INDN:COUR THAI GROUP CORPOR CO ID:1161124166 CCD	144.30		Reconciled	218,818.11	Check	8460 Payroll Processing Fees	
02/11/2022		MERCHANT BANKCD	MERCHANT BNKCD DES:DEPOSIT ID:266371382885 INDN:THAI KITCHEN 2 CO ID:F592126793 CCD	0.29		Reconciled	218,962.41	Check	Income:CREDIT CARD	
02/11/2022			MERCHANT BNKCD DES:DEPOSIT ID:266371382885 INDN:THAI KITCHEN 2 CO ID:F592126793 CCD		2,639.89	Reconciled	218,962.70	Deposit	Income:CREDIT CARD	
02/11/2022			DoorDash, Inc. DES:Disabled A ID:ST-F6D7O4O4F8K7 INDN:COUR THAI LLC CO ID:4270465600 CCD		1,772.81	Reconciled	216,322.81	Deposit	Income:DoorDash	
02/10/2022		MERCHANT BANKCD	MERCHANT BNKCD DES:DEPOSIT ID:266371382885 INDN:THAI KITCHEN 2 CO ID:F592126793 CCD	0.32		Reconciled	214,550.00	Check	Income:CREDIT CARD	
02/10/2022	1635	C & S ASSOCIATES		1,015.00		Reconciled	214,550.32	Check	Rent:Dormitory	
02/10/2022	1632	Levin Management		12,895.77		Reconciled	215,565.32	Check	Rent:Restaurant	
02/10/2022			MERCHANT BNKCD DES:DEPOSIT ID:266371382885 INDN:THAI KITCHEN 2 CO ID:F592126793 CCD		2,561.08	Reconciled	228,461.09	Deposit	Income:CREDIT CARD	
02/09/2022		MERCHANT BANKCD	MERCHANT BNKCD DES:DEPOSIT ID:266371382885 INDN:THAI KITCHEN 2 CO ID:F592126793 CCD	0.29		Reconciled	225,900.01	Check	Income:CREDIT CARD	
02/09/2022	5247	PAYROLL CHECK		466.56		Reconciled	225,900.30	Check	8400 Salaries and wages	
02/09/2022	5241	PAYROLL CHECK		432.70		Reconciled	226,366.86	Check	8400 Salaries and wages	
02/09/2022	5229	PAYROLL CHECK		1,811.67		Reconciled	226,799.56	Check	8400 Salaries and wages	
02/09/2022	5208	PAYROLL CHECK		1,706.88		Reconciled	228,611.23	Check	8400 Salaries and wages	
02/09/2022	1624	COSTCO WHOLESALE		260.93		Reconciled	230,318.11	Check	Purchase:COSTCO	
02/09/2022			MERCHANT BNKCD DES:DEPOSIT ID:266371382885 INDN:THAI KITCHEN 2 CO ID:F592126793 CCD		2,171.95	Reconciled	230,579.04	Deposit	Income:CREDIT CARD	
02/08/2022	1634	KAM KEU MARKET		2,306.20		Reconciled	228,407.09	Check	Purchase:KAM KEU ASIAN MARKET	
02/08/2022	1633	SEA PRIVATE SEAFOOD		1,209.80		Reconciled	230,713.29	Check	Purchase:Sea Pirate Seafood	
02/08/2022			MERCHANT BNKCD DES:DEPOSIT ID:266371382885 INDN:THAI KITCHEN 2 CO ID:F592126793 CCD		1,754.87	Reconciled	231,923.09	Deposit	Income:CREDIT CARD	
02/07/2022		MERCHANT BANKCD	MERCHANT BNKCD DES:DEPOSIT ID:266371382885 INDN:THAI KITCHEN 2 CO ID:F592126793 CCD	0.61		Reconciled	230,168.22	Check	Income:CREDIT CARD	
02/07/2022	1631	DA THAISON		1,515.50		Reconciled	230,168.83	Check	Purchase:Da Thaison Inc	
02/07/2022	1630	LAI F CHONG		12,000.00		Reconciled	231,684.33	Check	8430 Payroll - Tips	
02/07/2022	1627	X & Y PACKAGING TRADING INC		1,559.00		Reconciled	243,684.33	Check	Purchase:X & Y PACKAGING TRADING INC	
02/07/2022	1626	AUTO CHLOR SYSTEM		294.75		Reconciled	245,243.33	Check	8670 Dishwash expense	
02/07/2022			MERCHANT BNKCD DES:DEPOSIT ID:266371382885 INDN:THAI KITCHEN 2 CO ID:F592126793 CCD		7,345.94	Reconciled	245,538.08	Deposit	Income:CREDIT CARD	
02/07/2022			MERCHANT BNKCD DES:DEPOSIT ID:266371382885 INDN:THAI KITCHEN 2 CO ID:F592126793 CCD		3,890.15	Reconciled	238,192.14	Deposit	Income:CREDIT CARD	
02/04/2022	1629	KAM KEU MARKET		3,287.00		Reconciled	234,301.99	Check	Purchase:KAM KEU ASIAN MARKET	
02/04/2022			MERCHANT BNKCD DES:DEPOSIT ID:266371382885 INDN:THAI KITCHEN 2 CO ID:F592126793 CCD		2,943.34	Reconciled	237,588.99	Deposit	Income:CREDIT CARD	
02/04/2022			DoorDash, Inc. DES:Disabled A ID:ST-Y0E6Z7T8C9N1 INDN:COUR THAI LLC CO ID:4270465600 CCD		1,622.68	Reconciled	234,645.65	Deposit	Income:DoorDash	
02/03/2022		MERCHANT BANKCD	MERCHANT BNKCD DES:DEPOSIT ID:266371382885 INDN:THAI KITCHEN 2 CO ID:F592126793 CCD	3,413.37		Reconciled	233,022.97	Check	7750 Credit Card Processing Fee	
02/03/2022	1617	NJ AMERICAN WATER		763.17		Reconciled	236,436.34	Check	Utilities:Water	
02/03/2022			MERCHANT BNKCD DES:DEPOSIT ID:266371382885 INDN:THAI KITCHEN 2 CO ID:F592126793 CCD		2,835.19	Reconciled	237,199.51	Deposit	Income:CREDIT CARD	
02/02/2022			MERCHANT BNKCD DES:DEPOSIT ID:266371382885 INDN:THAI KITCHEN 2 CO ID:F592126793 CCD		1,675.99	Reconciled	234,364.32	Deposit	Income:CREDIT CARD	
02/01/2022			MERCHANT BNKCD DES:DEPOSIT ID:266371382885 INDN:THAI KITCHEN 2 CO ID:F592126793 CCD		2,256.89	Reconciled	232,688.33	Deposit	Income:CREDIT CARD	
01/31/2022		PAYCHEX EIB INVOICE	PAYCHEX EIB DES:INVOICE ID:X95876000048063 INDN:COUR THAI GROUP CORPOR CO ID:1161124166 CCD	144.48		Reconciled	230,431.44	Check	8460 Payroll Processing Fees	
01/31/2022	1625	DA THAISON		1,304.00		Reconciled	230,575.92	Check	Purchase:Da Thaison Inc	
01/31/2022			MERCHANT BNKCD DES:DEPOSIT ID:266371382885 INDN:THAI KITCHEN 2 CO ID:F592126793 CCD		4,578.88	Reconciled	231,879.92	Deposit	Income:CREDIT CARD	
01/31/2022			MERCHANT BNKCD DES:DEPOSIT ID:266371382885 INDN:THAI KITCHEN 2 CO ID:F592126793 CCD		3,515.68	Reconciled	227,301.04	Deposit	Income:CREDIT CARD	
01/28/2022		PAYCHEX TPS TAXES	PAYCHEX TPS DES:TAXES ID:95864500006541X INDN:COUR THAI GROUP CORPOR CO ID:1161124166 CCD	1,314.85		Reconciled	223,785.36	Check	3140 Payroll Taxes Liabilities	
01/28/2022			MERCHANT BNKCD DES:DEPOSIT ID:266371382885 INDN:THAI KITCHEN 2 CO ID:F592126793 CCD		2,127.72	Reconciled	225,100.21	Deposit	Income:CREDIT CARD	
01/28/2022			DoorDash, Inc. DES:Disabled A ID:ST-V1L3U1V6R6Y8 INDN:COUR THAI LLC CO ID:4270465600 CCD		1,704.42	Reconciled	222,972.49	Deposit	Income:DoorDash	
01/27/2022	1620	MACINTOSH		375.12		Reconciled	221,268.07	Check	8940 Uniform	
01/27/2022	1619	PSE&G		2,012.48		Reconciled	221,643.19	Check	Utilities:Gas and Electric	
01/27/2022	1618	REPUBLIC SERVICE		187.58		Reconciled	223,655.67	Check	8880 Waste Management	
01/27/2022	1616	ECOLAB		274.76		Reconciled	223,843.25	Check	8870 Pest Control	
01/27/2022	1615	VERIZON		117.12		Reconciled	224,118.01	Check	8840 Telephone	
01/27/2022	1614	USA FIRE PROTECTION		180.00		Reconciled	224,235.13	Check	8220 Licenses and Permits	
01/27/2022			MERCHANT BNKCD DES:DEPOSIT ID:266371382885 INDN:THAI KITCHEN 2 CO ID:F592126793 CCD		2,440.77	Reconciled	224,415.13	Deposit	Income:CREDIT CARD	
01/26/2022	1623	RESTAURANT DEPOT		2,052.60		Reconciled	221,974.36	Check	Purchase:Restaurant Depot	
01/26/2022			MERCHANT BNKCD DES:DEPOSIT ID:266371382885 INDN:THAI KITCHEN 2 CO ID:F592126793 CCD		1,989.30	Reconciled	224,026.96	Deposit	Income:CREDIT CARD	
01/25/2022		MERCHANT BANKCD	MERCHANT BNKCD DES:DEPOSIT ID:266371382885 INDN:THAI KITCHEN 2 CO ID:F592126793 CCD	1.46		Reconciled	222,037.66	Check	Income:CREDIT CARD	
01/25/2022	1621	KAM KEU MARKET		3,548.65		Reconciled	222,039.12	Check	Purchase:KAM KEU ASIAN MARKET	
01/25/2022			MERCHANT BNKCD DES:DEPOSIT ID:266371382885 INDN:THAI KITCHEN 2 CO ID:F592126793 CCD		1,843.65	Reconciled	225,587.77	Deposit	Income:CREDIT CARD	
01/24/2022		MERCHANT BANKCD	MERCHANT BNKCD DES:DEPOSIT ID:266371382885 INDN:THAI KITCHEN 2 CO ID:F592126793 CCD	1.90		Reconciled	223,744.12	Check	Income:CREDIT CARD	
01/24/2022	1622	LAI F CHONG		20,000.00		Reconciled	223,746.02	Check	4520 Loan officer	
01/24/2022	1611	DA THAISON		3,158.00		Reconciled	243,746.02	Check	Purchase:Da Thaison Inc	
01/24/2022	1602	HON NAM CHAN		6,000.00		Reconciled	246,904.02	Check	4520 Loan officer	
01/24/2022	1601	UNITED SITE SERVICE	PORTABLE TOILET RENTAL	204.51		Reconciled	252,904.02	Check	8660 Repairs & maintenance	
01/24/2022			MERCHANT BNKCD DES:DEPOSIT ID:266371382885 INDN:THAI KITCHEN 2 CO ID:F592126793 CCD		6,524.97	Reconciled	253,108.53	Deposit	Income:CREDIT CARD	
01/24/2022			MERCHANT BNKCD DES:DEPOSIT ID:266371382885 INDN:THAI KITCHEN 2 CO ID:F592126793 CCD		2,274.19	Reconciled	246,583.56	Deposit	Income:CREDIT CARD	
01/21/2022			MERCHANT BNKCD DES:DEPOSIT ID:266371382885 INDN:THAI KITCHEN 2 CO ID:F592126793 CCD		1,818.86	Reconciled	244,309.37	Deposit	Income:CREDIT CARD	
01/21/2022			DoorDash, Inc. DES:Disabled A ID:ST-J2W5T2I7F2O1 INDN:COUR THAI LLC CO ID:4270465600 CCD		1,457.18	Reconciled	242,490.51	Deposit	Income:DoorDash	
01/20/2022		NJ S&U WEB PMT	NJ S&U WEB PMT DES:NJWEB55 ID:091000018500126 INDN:COUR THAI GROUP CORPOR CO ID:7216000928 CCD PMT INFO:TXP*B8439605	6,254.40		Reconciled	241,033.33	Check	3150 Sales Tax Payable	
01/20/2022	1612	SEA PRIVATE SEAFOOD		849.20		Reconciled	247,287.73	Check	Purchase:Sea Pirate Seafood	
01/20/2022			MERCHANT BNKCD DES:DEPOSIT ID:266371382885 INDN:THAI KITCHEN 2 CO ID:F592126793 CCD		1,958.77	Reconciled	248,136.93	Deposit	Income:CREDIT CARD	
01/19/2022		MERCHANT BANKCD	MERCHANT BNKCD DES:DEPOSIT ID:266371382885 INDN:THAI KITCHEN 2 CO ID:F592126793 CCD	0.44		Reconciled	246,178.16	Check	Income:CREDIT CARD	
01/19/2022			MERCHANT BNKCD DES:DEPOSIT ID:266371382885 INDN:THAI KITCHEN 2 CO ID:F592126793 CCD		1,716.74	Reconciled	246,178.60	Deposit	Income:CREDIT CARD	
01/18/2022		BOA CC PMT	BANK OF AMERICA DES:QRMT Pymt ID:COUR THAI INDN:4339931165670241 00 CO ID:3001190310 CCD	3,769.91		Reconciled	244,461.86	Check	3400 BOA #0241	
01/18/2022		PAYCHEX EIB INVOICE	PAYCHEX EIB DES:INVOICE ID:X95703800023961 INDN:COUR THAI GROUP CORPOR CO ID:1161124166 CCD	287.48		Reconciled	248,231.77	Check	8460 Payroll Processing Fees	
01/18/2022		MERCHANT BANKCD	MERCHANT BNKCD DES:DEPOSIT ID:266371382885 INDN:THAI KITCHEN 2 CO ID:F592126793 CCD	0.36		Reconciled	248,519.25	Check	Income:CREDIT CARD	
01/18/2022	1613	KAM KEU MARKET		3,239.85		Reconciled	248,519.61	Check	Purchase:KAM KEU ASIAN MARKET	
01/18/2022			MERCHANT BNKCD DES:DEPOSIT ID:266371382885 INDN:THAI KITCHEN 2 CO ID:F592126793 CCD		9,374.52	Reconciled	251,759.46	Deposit	Income:CREDIT CARD	
01/18/2022			MERCHANT BNKCD DES:DEPOSIT ID:266371382885 INDN:THAI KITCHEN 2 CO ID:F592126793 CCD		2,533.35	Reconciled	242,384.94	Deposit	Income:CREDIT CARD	
01/18/2022			MERCHANT BNKCD DES:DEPOSIT ID:266371382885 INDN:THAI KITCHEN 2 CO ID:F592126793 CCD		2,448.92	Reconciled	239,851.59	Deposit	Income:CREDIT CARD	
01/14/2022		PAYCHEX TPS TAXES	PAYCHEX TPS DES:TAXES ID:95696200009630X INDN:COUR THAI GROUP CORPOR CO ID:1161124166 CCD	1,314.91		Reconciled	237,402.67	Check	3140 Payroll Taxes Liabilities	
01/14/2022	5221	PAYROLL CHECK		269.02		Reconciled	238,717.58	Check	8400 Salaries and wages	
01/14/2022	5216	PAYROLL CHECK		540.91		Reconciled	238,986.60	Check	8400 Salaries and wages	
01/14/2022	5211	PAYROLL CHECK		540.91		Reconciled	239,527.51	Check	8400 Salaries and wages	
01/14/2022	5206	PAYROLL CHECK		286.96		Reconciled	240,068.42	Check	8400 Salaries and wages	
01/14/2022			MERCHANT BNKCD DES:DEPOSIT ID:266371382885 INDN:THAI KITCHEN 2 CO ID:F592126793 CCD		2,505.17	Reconciled	240,355.38	Deposit	Income:CREDIT CARD	
01/14/2022			DoorDash, Inc. DES:Disabled A ID:ST-E9P9Y3R9W8K7 INDN:COUR THAI LLC CO ID:4270465600 CCD		1,710.10	Reconciled	237,850.21	Deposit	Income:DoorDash	
01/13/2022	1606	COSTCO WHOLESALE		358.44		Reconciled	236,140.11	Check	Purchase:COSTCO	
01/13/2022			MERCHANT BNKCD DES:DEPOSIT ID:266371382885 INDN:THAI KITCHEN 2 CO ID:F592126793 CCD		4,739.47	Reconciled	236,498.55	Deposit	Income:CREDIT CARD	
01/12/2022			PNC MERCHANT DES:DEPOSIT ID:266371382885 INDN:THAI KITCHEN 2 CO ID:F592126793 CCD		3,343.53	Reconciled	231,759.08	Deposit	Income:CREDIT CARD	
01/11/2022		MERCHANT BANKCD	PNC MERCHANT DES:DEPOSIT ID:266371382885 INDN:THAI KITCHEN 2 CO ID:F592126793 CCD	0.21		Reconciled	228,415.55	Check	Income:CREDIT CARD	
01/11/2022	1610	KAM KEU MARKET		3,733.50		Reconciled	228,415.76	Check	Purchase:KAM KEU ASIAN MARKET	
01/11/2022	1609	C & S ASSOCIATES		1,315.00		Reconciled	232,149.26	Check	Rent:Dormitory	
01/11/2022	1608	SEA PRIVATE SEAFOOD		559.90		Reconciled	233,464.26	Check	Purchase:Sea Pirate Seafood	
01/11/2022			PNC MERCHANT DES:DEPOSIT ID:266371382885 INDN:THAI KITCHEN 2 CO ID:F592126793 CCD		2,400.33	Reconciled	234,024.16	Deposit	Income:CREDIT CARD	
01/10/2022		MERCHANT BANKCD	PNC MERCHANT DES:DEPOSIT ID:266371382885 INDN:THAI KITCHEN 2 CO ID:F592126793 CCD	96.66		Reconciled	231,623.83	Check	Income:CREDIT CARD	
01/10/2022	1607	DA THAISON		2,337.60		Reconciled	231,720.49	Check	3100 A/P	
01/10/2022	1605	Levin Management		12,535.44		Reconciled	234,058.09	Check	Rent:Restaurant	
01/10/2022	1595	NJ AMERICAN WATER		762.70		Reconciled	246,593.53	Check	Utilities:Water	
01/10/2022			PNC MERCHANT DES:DEPOSIT ID:266371382885 INDN:THAI KITCHEN 2 CO ID:F592126793 CCD		12,447.39	Reconciled	247,356.23	Deposit	Income:CREDIT CARD	
01/10/2022			PNC MERCHANT DES:DEPOSIT ID:266371382885 INDN:THAI KITCHEN 2 CO ID:F592126793 CCD		2,636.23	Reconciled	234,908.84	Deposit	Income:CREDIT CARD	
01/10/2022			PNC MERCHANT DES:DEPOSIT ID:266371382885 INDN:THAI KITCHEN 2 CO ID:F592126793 CCD		2,507.55	Reconciled	232,272.61	Deposit	Income:CREDIT CARD	
01/07/2022	1599	REPUBLIC SERVICE		371.96		Reconciled	229,765.06	Check	8880 Waste Management	
01/07/2022	1598	AUTO CHLOR SYSTEM		233.46		Reconciled	230,137.02	Check	8670 Dishwash expense	
01/07/2022			PNC MERCHANT DES:DEPOSIT ID:266371382885 INDN:THAI KITCHEN 2 CO ID:F592126793 CCD		4,851.72	Reconciled	230,370.48	Deposit	Income:CREDIT CARD	
01/07/2022			DoorDash, Inc. DES:Disabled A ID:ST-U3Q4T8Y9B1J8 INDN:COUR THAI LLC CO ID:4270465600 CCD		2,047.46	Reconciled	225,518.76	Deposit	Income:DoorDash	
01/06/2022			PNC MERCHANT DES:DEPOSIT ID:266371382885 INDN:THAI KITCHEN 2 CO ID:F592126793 CCD		3,877.07	Reconciled	223,471.30	Deposit	Income:CREDIT CARD	
01/05/2022		MERCHANT BANKCD	PNC MERCHANT DES:DEPOSIT ID:266371382885 INDN:THAI KITCHEN 2 CO ID:F592126793 CCD	0.45		Reconciled	219,594.23	Check	Income:CREDIT CARD	
01/05/2022			PNC MERCHANT DES:DEPOSIT ID:266371382885 INDN:THAI KITCHEN 2 CO ID:F592126793 CCD		3,817.21	Reconciled	219,594.68	Deposit	Income:CREDIT CARD	
01/04/2022	1604	KAM KEU MARKET		4,126.20		Reconciled	215,777.47	Check	3100 A/P	
01/04/2022	1596	VERIZON		118.37		Reconciled	219,903.67	Check	8840 Telephone	
01/04/2022			PNC MERCHANT DES:DEPOSIT ID:266371382885 INDN:THAI KITCHEN 2 CO ID:F592126793 CCD		2,607.98	Reconciled	220,022.04	Deposit	Income:CREDIT CARD	
01/03/2022		MERCHANT BANKCD	PNC MERCHANT DES:DEPOSIT ID:266371382885 INDN:THAI KITCHEN 2 CO ID:F592126793 CCD	5,364.21		Reconciled	217,414.06	Check	7750 Credit Card Processing Fee	
01/03/2022		PAYCHEX EIB INVOICE	PAYCHEX EIB DES:INVOICE ID:X95516500006260 INDN:COUR THAI GROUP CORPOR CO ID:1161124166 CCD	141.36		Reconciled	222,778.27	Check	8460 Payroll Processing Fees	
01/03/2022	1600	ECOLAB		274.76		Reconciled	222,919.63	Check	8870 Pest Control	
01/03/2022	1597	PSE&G		1,994.51		Reconciled	223,194.39	Check	Utilities:Gas and Electric	
01/03/2022	1593	SEA PRIVATE SEAFOOD		2,503.20		Reconciled	225,188.90	Check	3100 A/P	
01/03/2022	1589	HORIZON		2,337.18		Reconciled	227,692.10	Check	8150 Health Insurance	
01/03/2022			PNC MERCHANT DES:DEPOSIT ID:266371382885 INDN:THAI KITCHEN 2 CO ID:F592126793 CCD		11,250.27	Reconciled	230,029.28	Deposit	Income:CREDIT CARD	
01/03/2022			PNC MERCHANT DES:DEPOSIT ID:266371382885 INDN:THAI KITCHEN 2 CO ID:F592126793 CCD		4,597.34	Reconciled	218,779.01	Deposit	1200 A/R	
12/31/2021		PAYCHEX TPS TAXES	PAYCHEX TPS DES:TAXES ID:95509400010873X INDN:COUR THAI GROUP CORPOR CO ID:1161124166 CCD	1,506.65		Reconciled	214,181.67	Check	3140 Payroll Taxes Liabilities	
12/31/2021	1592	DA THAISON		3,007.50		Reconciled	215,688.32	Check	Purchase:Da Thaison Inc	
12/31/2021			PNC MERCHANT DES:DEPOSIT ID:266371382885 INDN:THAI KITCHEN 2 CO ID:F592126793 CCD		5,500.05	Reconciled	218,695.82	Deposit	Income:CREDIT CARD	
12/31/2021			DoorDash, Inc. DES:Disabled A ID:ST-F7I7A2I3A5Q5 INDN:COUR THAI LLC CO ID:4270465600 CCD		1,173.01	Reconciled	213,195.77	Deposit	Income:DoorDash	
12/30/2021	1603	LAI F CHONG		20,000.00		Reconciled	212,022.76	Check	4520 Loan officer	
12/30/2021			PNC MERCHANT DES:DEPOSIT ID:266371382885 INDN:THAI KITCHEN 2 CO ID:F592126793 CCD		4,810.47	Reconciled	232,022.76	Deposit	Income:CREDIT CARD	
12/29/2021		MERCHANT BANKCD	PNC MERCHANT DES:DEPOSIT ID:266371382885 INDN:THAI KITCHEN 2 CO ID:F592126793 CCD	0.81		Reconciled	227,212.29	Check	Income:CREDIT CARD	
12/29/2021			PNC MERCHANT DES:DEPOSIT ID:266371382885 INDN:THAI KITCHEN 2 CO ID:F592126793 CCD		4,727.89	Reconciled	227,213.10	Deposit	Income:CREDIT CARD	
12/28/2021	1594	KAM KEU MARKET		3,306.80		Reconciled	222,485.21	Check	Purchase:KAM KEU ASIAN MARKET	
12/28/2021			PNC MERCHANT DES:DEPOSIT ID:266371382885 INDN:THAI KITCHEN 2 CO ID:F592126793 CCD		3,924.83	Reconciled	225,792.01	Deposit	Income:CREDIT CARD	
12/27/2021			PNC MERCHANT DES:DEPOSIT ID:266371382885 INDN:THAI KITCHEN 2 CO ID:F592126793 CCD		5,055.53	Reconciled	221,867.18	Deposit	Income:CREDIT CARD	
12/27/2021			PNC MERCHANT DES:DEPOSIT ID:266371382885 INDN:THAI KITCHEN 2 CO ID:F592126793 CCD		4,329.82	Reconciled	216,811.65	Deposit	Income:CREDIT CARD	
12/27/2021			PNC MERCHANT DES:DEPOSIT ID:266371382885 INDN:THAI KITCHEN 2 CO ID:F592126793 CCD		2,770.15	Reconciled	212,481.83	Deposit	Income:CREDIT CARD	
12/24/2021	5230	PAYROLL CHECK		685.52		Reconciled	209,711.68	Check	8400 Salaries and wages	
12/24/2021	5228	PAYROLL CHECK		618.51		Reconciled	210,397.20	Check	8400 Salaries and wages	
12/24/2021	5224	PAYROLL CHECK		1,906.57		Reconciled	211,015.71	Check	8400 Salaries and wages	
12/24/2021	5223	PAYROLL CHECK		639.85		Reconciled	212,922.28	Check	8400 Salaries and wages	
12/24/2021	5218	PAYROLL CHECK		1,869.26		Reconciled	213,562.13	Check	8400 Salaries and wages	
12/24/2021	5217	PAYROLL CHECK		601.18		Reconciled	215,431.39	Check	8400 Salaries and wages	
12/24/2021	5213	PAYROLL CHECK		1,602.02		Reconciled	216,032.57	Check	8400 Salaries and wages	
12/24/2021	5212	PAYROLL CHECK		635.63		Reconciled	217,634.59	Check	8400 Salaries and wages	
12/24/2021	5207	PAYROLL CHECK		615.45		Reconciled	218,270.22	Check	8400 Salaries and wages	
12/24/2021			PNC MERCHANT DES:DEPOSIT ID:266371382885 INDN:THAI KITCHEN 2 CO ID:F592126793 CCD		8,426.95	Reconciled	218,885.67	Deposit	Income:CREDIT CARD	
12/24/2021			DoorDash, Inc. DES:Disabled A ID:ST-N8O1I3W0T4Y5 INDN:COUR THAI LLC CO ID:4270465600 CCD		1,512.38	Reconciled	210,458.72	Deposit	Income:DoorDash	
12/23/2021			PNC MERCHANT DES:DEPOSIT ID:266371382885 INDN:THAI KITCHEN 2 CO ID:F592126793 CCD		7,688.63	Reconciled	208,946.34	Deposit	Income:CREDIT CARD	
12/22/2021		Online Banking payment to CSL 0419	Online Banking payment to CSL 0419 Confirmation# 0123083976	243.31		Reconciled	201,257.71	Check	3800 PPP LOAN	
12/22/2021	1585	COSTCO WHOLESALE		415.38		Reconciled	201,501.02	Check	Purchase:COSTCO	
12/22/2021			PNC MERCHANT DES:DEPOSIT ID:266371382885 INDN:THAI KITCHEN 2 CO ID:F592126793 CCD		9,834.32	Reconciled	201,916.40	Deposit	Income:CREDIT CARD	
12/21/2021		MERCHANT BANKCD	PNC MERCHANT DES:DEPOSIT ID:266371382885 INDN:THAI KITCHEN 2 CO ID:F592126793 CCD	1.18		Reconciled	192,082.08	Check	Income:CREDIT CARD	
12/21/2021	1590	KAM KEU MARKET		4,039.40		Reconciled	192,083.26	Check	Purchase:KAM KEU ASIAN MARKET	
12/20/2021		NJ S&U WEB PMT	NJ WEB PMT 04110 DES:NJWEB04110 ID:091000018216545 INDN:COUR THAI GROUP CORPOR CO ID:7216000928 CCD PMT INFO:TXP*B843960	5,635.48		Reconciled	196,122.66	Check	6030 Sales Tax  Adjustment	
12/20/2021		PAYCHEX EIB INVOICE	PAYCHEX EIB DES:INVOICE ID:X95331500006085 INDN:COUR THAI GROUP CORPOR CO ID:1161124166 CCD	131.36		Reconciled	201,758.14	Check	8460 Payroll Processing Fees	
12/20/2021	1588	LAI F CHONG		20,000.00		Reconciled	201,889.50	Check	4520 Loan officer	
12/20/2021	1587	DA THAISON		1,503.30		Reconciled	221,889.50	Check	Purchase:Da Thaison Inc	
12/20/2021			PNC MERCHANT DES:DEPOSIT ID:266371382885 INDN:THAI KITCHEN 2 CO ID:F592126793 CCD		11,173.49	Reconciled	223,392.80	Deposit	Income:CREDIT CARD	
12/20/2021			PNC MERCHANT DES:DEPOSIT ID:266371382885 INDN:THAI KITCHEN 2 CO ID:F592126793 CCD		10,240.65	Reconciled	212,219.31	Deposit	Income:CREDIT CARD	
12/17/2021		Online Banking payment to CSL 0419	Online Banking payment to CSL 0419 Confirmation# 1471571744	243.31		Reconciled	201,978.66	Check	3800 PPP LOAN	
12/17/2021		PAYCHEX TPS TAXES	PAYCHEX TPS DES:TAXES ID:95324000007811X INDN:COUR THAI GROUP CORPOR CO ID:1161124166 CCD	1,381.17		Reconciled	202,221.97	Check	3140 Payroll Taxes Liabilities	
12/17/2021	1586	KAM KEU MARKET		3,547.20		Reconciled	203,603.14	Check	Purchase:KAM KEU ASIAN MARKET	
12/17/2021	1216	BANK OF AMERICA		2,832.51		Reconciled	207,150.34	Check	3400 BOA #0241	
12/17/2021			PNC MERCHANT DES:DEPOSIT ID:266371382885 INDN:THAI KITCHEN 2 CO ID:F592126793 CCD		5,271.21	Reconciled	209,982.85	Deposit	Income:CREDIT CARD	
12/17/2021			DoorDash, Inc. DES:Disabled A ID:ST-I5S2E0Q4U7Z2 INDN:COUR THAI LLC CO ID:4270465600 CCD		1,223.15	Reconciled	204,711.64	Deposit	Income:DoorDash	
12/16/2021			PNC MERCHANT DES:DEPOSIT ID:266371382885 INDN:THAI KITCHEN 2 CO ID:F592126793 CCD		6,968.16	Reconciled	203,488.49	Deposit	Income:CREDIT CARD	
12/15/2021		MERCHANT BANKCD	PNC MERCHANT DES:DEPOSIT ID:266371382885 INDN:THAI KITCHEN 2 CO ID:F592126793 CCD	0.21		Reconciled	196,520.33	Check	Income:CREDIT CARD	
12/15/2021	1583	X & Y PACKAGING TRADING INC	RADISH	1,385.00		Reconciled	196,520.54	Check	Purchase:X & Y PACKAGING TRADING INC	
12/15/2021			PNC MERCHANT DES:DEPOSIT ID:266371382885 INDN:THAI KITCHEN 2 CO ID:F592126793 CCD		4,064.78	Reconciled	197,905.54	Deposit	Income:CREDIT CARD	
12/14/2021			PNC MERCHANT DES:DEPOSIT ID:266371382885 INDN:THAI KITCHEN 2 CO ID:F592126793 CCD		2,684.90	Reconciled	193,840.76	Deposit	Income:CREDIT CARD	
12/13/2021	5225	PAYROLL CHECK		685.52		Reconciled	191,155.86	Check	8400 Salaries and wages	
12/13/2021	1584	DA THAISON		1,771.00		Reconciled	191,841.38	Check	Purchase:Da Thaison Inc	
12/13/2021			PNC MERCHANT DES:DEPOSIT ID:266371382885 INDN:THAI KITCHEN 2 CO ID:F592126793 CCD		8,700.02	Reconciled	193,612.38	Deposit	Income:CREDIT CARD	
12/13/2021			PNC MERCHANT DES:DEPOSIT ID:266371382885 INDN:THAI KITCHEN 2 CO ID:F592126793 CCD		6,679.61	Reconciled	184,912.36	Deposit	Income:CREDIT CARD	
12/13/2021			PNC MERCHANT DES:DEPOSIT ID:266371382885 INDN:THAI KITCHEN 2 CO ID:F592126793 CCD		2,477.02	Reconciled	178,232.75	Deposit	Income:CREDIT CARD	
12/10/2021			PNC MERCHANT DES:DEPOSIT ID:266371382885 INDN:THAI KITCHEN 2 CO ID:F592126793 CCD		4,918.07	Reconciled	175,755.73	Deposit	Income:CREDIT CARD	
12/10/2021			DoorDash, Inc. DES:Disabled A ID:ST-E4G7Y1R2N8A1 INDN:COUR THAI LLC CO ID:4270465600 CCD		2,216.41	Reconciled	170,837.66	Deposit	Income:DoorDash	
12/09/2021			PNC MERCHANT DES:DEPOSIT ID:266371382885 INDN:THAI KITCHEN 2 CO ID:F592126793 CCD		4,975.11	Reconciled	168,621.25	Deposit	Income:CREDIT CARD	
12/08/2021		MERCHANT BANKCD	PNC MERCHANT DES:DEPOSIT ID:266371382885 INDN:THAI KITCHEN 2 CO ID:F592126793 CCD	0.75		Reconciled	163,646.14	Check	Income:CREDIT CARD	
12/08/2021	1580	Levin Management		12,895.77		Reconciled	163,646.89	Check	Rent:Restaurant	
12/08/2021	1579	DA THAISON		1,518.50		Reconciled	176,542.66	Check	Purchase:Da Thaison Inc	
12/08/2021			PNC MERCHANT DES:DEPOSIT ID:266371382885 INDN:THAI KITCHEN 2 CO ID:F592126793 CCD		7,011.14	Reconciled	178,061.16	Deposit	Income:CREDIT CARD	
12/07/2021		MERCHANT BANKCD	PNC MERCHANT DES:DEPOSIT ID:266371382885 INDN:THAI KITCHEN 2 CO ID:F592126793 CCD	0.94		Reconciled	171,050.02	Check	Income:CREDIT CARD	
12/07/2021	5200	PAYROLL CHECK		565.88		Reconciled	171,050.96	Check	8400 Salaries and wages	
12/07/2021	5195	PAYROLL CHECK		590.79		Reconciled	171,616.84	Check	8400 Salaries and wages	
12/07/2021	5188	PAYROLL CHECK		410.34		Reconciled	172,207.63	Check	8400 Salaries and wages	
12/07/2021	5187	PAYROLL CHECK		431.94		Reconciled	172,617.97	Check	8400 Salaries and wages	
12/07/2021	1582	KAM KEU MARKET		3,043.55		Reconciled	173,049.91	Check	Purchase:KAM KEU ASIAN MARKET	
12/07/2021	1581	C & S ASSOCIATES		1,315.00		Reconciled	176,093.46	Check	Rent:Dormitory	
12/07/2021	1573	NJ AMERICAN WATER		1,003.56		Reconciled	177,408.46	Check	Utilities:Water	
12/06/2021		PAYCHEX EIB INVOICE	PAYCHEX EIB DES:INVOICE ID:X95147400017803 INDN:COUR THAI GROUP CORPOR CO ID:1161124166 CCD	141.36		Reconciled	178,412.02	Check	8460 Payroll Processing Fees	
12/06/2021	1577	SEA PRIVATE SEAFOOD		1,465.90		Reconciled	178,553.38	Check	Purchase:Sea Pirate Seafood	
12/06/2021	1575	DA THAISON		1,974.00		Reconciled	180,019.28	Check	Purchase:Da Thaison Inc	
12/06/2021			PNC MERCHANT DES:DEPOSIT ID:266371382885 INDN:THAI KITCHEN 2 CO ID:F592126793 CCD		11,342.18	Reconciled	181,993.28	Deposit	Income:CREDIT CARD	
12/06/2021			PNC MERCHANT DES:DEPOSIT ID:266371382885 INDN:THAI KITCHEN 2 CO ID:F592126793 CCD		3,392.22	Reconciled	170,651.10	Deposit	Income:CREDIT CARD	
12/06/2021			PNC MERCHANT DES:DEPOSIT ID:266371382885 INDN:THAI KITCHEN 2 CO ID:F592126793 CCD		2,601.51	Reconciled	167,258.88	Deposit	Income:CREDIT CARD	
12/03/2021		MERCHANT BANKCD	PNC MERCHANT DES:DEPOSIT ID:266371382885 INDN:THAI KITCHEN 2 CO ID:F592126793 CCD	3,248.43		Reconciled	164,657.37	Check	7750 Credit Card Processing Fee	
12/03/2021		PAYCHEX TPS TAXES	PAYCHEX TPS DES:TAXES ID:95139800008200X INDN:COUR THAI GROUP CORPOR CO ID:1161124166 CCD	1,468.23		Reconciled	167,905.80	Check	3140 Payroll Taxes Liabilities	
12/03/2021	1574	FRANKLIN MUTUAL INSURANCE	WCP2755612	4,302.00		Reconciled	169,374.03	Check	Insurance:Work Comp	
12/03/2021	1571	MACINTOSH		563.66		Reconciled	173,676.03	Check	8940 Uniform	
12/03/2021			PNC MERCHANT DES:DEPOSIT ID:266371382885 INDN:THAI KITCHEN 2 CO ID:F592126793 CCD		4,585.32	Reconciled	174,239.69	Deposit	Income:CREDIT CARD	
12/03/2021			DoorDash, Inc. DES:Disabled A ID:ST-C4P0B2W5R6I3 INDN:COUR THAI LLC CO ID:4270465600 CCD		1,385.34	Reconciled	169,654.37	Deposit	Income:DoorDash	
12/02/2021	1572	AUTO CHLOR SYSTEM		233.46		Reconciled	168,269.03	Check	8670 Dishwash expense	
12/02/2021			PNC MERCHANT DES:DEPOSIT ID:266371382885 INDN:THAI KITCHEN 2 CO ID:F592126793 CCD		4,205.81	Reconciled	168,502.49	Deposit	Income:CREDIT CARD	
12/01/2021	1576	LIBERTY MUTUAL		2,049.00		Reconciled	164,296.68	Check	Insurance:AUTO INSURANCE	
12/01/2021	1570	VERIZON		117.57		Reconciled	166,345.68	Check	8840 Telephone	
12/01/2021			PNC MERCHANT DES:DEPOSIT ID:266371382885 INDN:THAI KITCHEN 2 CO ID:F592126793 CCD		4,117.86	Reconciled	166,463.25	Deposit	Income:CREDIT CARD	
11/30/2021		MERCHANT BANKCD	PNC MERCHANT DES:DEPOSIT ID:266371382885 INDN:THAI KITCHEN 2 CO ID:F592126793 CCD	1.39		Reconciled	162,345.39	Check	Income:CREDIT CARD	
11/30/2021	1578	KAM KEU MARKET		1,909.60		Reconciled	162,346.78	Check	Purchase:KAM KEU ASIAN MARKET	
11/30/2021	1564	PSE&G		1,757.80		Reconciled	164,256.38	Check	Utilities:Gas and Electric	
11/30/2021			PNC MERCHANT DES:DEPOSIT ID:266371382885 INDN:THAI KITCHEN 2 CO ID:F592126793 CCD		2,979.63	Reconciled	166,014.18	Deposit	Income:CREDIT CARD	
11/29/2021			PNC MERCHANT DES:DEPOSIT ID:266371382885 INDN:THAI KITCHEN 2 CO ID:F592126793 CCD		9,267.44	Reconciled	163,034.55	Deposit	Income:CREDIT CARD	
11/29/2021			PNC MERCHANT DES:DEPOSIT ID:266371382885 INDN:THAI KITCHEN 2 CO ID:F592126793 CCD		1,652.93	Reconciled	153,767.11	Deposit	Income:CREDIT CARD	
11/26/2021			PNC MERCHANT DES:DEPOSIT ID:266371382885 INDN:THAI KITCHEN 2 CO ID:F592126793 CCD		3,932.04	Reconciled	152,114.18	Deposit	Income:CREDIT CARD	
11/26/2021			DoorDash, Inc. DES:Disabled A ID:ST-I1V9M6N2G4U4 INDN:COUR THAI LLC CO ID:4270465600 CCD		2,057.82	Reconciled	148,182.14	Deposit	Income:DoorDash	
11/24/2021	1567	SEA PRIVATE SEAFOOD		1,394.80		Reconciled	146,124.32	Check	Purchase:Sea Pirate Seafood	
11/24/2021			PNC MERCHANT DES:DEPOSIT ID:266371382885 INDN:THAI KITCHEN 2 CO ID:F592126793 CCD		3,655.05	Reconciled	147,519.12	Deposit	Income:CREDIT CARD	
11/23/2021	5219	PAYROLL CHECK		685.52		Reconciled	143,864.07	Check	8400 Salaries and wages	
11/23/2021	1568	KAM KEU MARKET		4,612.10		Reconciled	144,549.59	Check	Purchase:KAM KEU ASIAN MARKET	
11/23/2021			PNC MERCHANT DES:DEPOSIT ID:266371382885 INDN:THAI KITCHEN 2 CO ID:F592126793 CCD		2,580.54	Reconciled	149,161.69	Deposit	Income:CREDIT CARD	
11/22/2021		MERCHANT BANKCD	PNC MERCHANT DES:DEPOSIT ID:266371382885 INDN:THAI KITCHEN 2 CO ID:F592126793 CCD	0.32		Reconciled	146,581.15	Check	Income:CREDIT CARD	
11/22/2021		NJ S&U WEB PMT	NJ WEB PMT 04110 DES:NJWEB04110 ID:091000018019909 INDN:COUR THAI GROUP CORPOR CO ID:7216000928 CCD PMT INFO:TXP*B843960	5,798.61		Reconciled	146,581.47	Check	6030 Sales Tax  Adjustment	
11/22/2021		PAYCHEX EIB INVOICE	PAYCHEX EIB DES:INVOICE ID:X94972400024053 INDN:COUR THAI GROUP CORPOR CO ID:1161124166 CCD	136.88		Reconciled	152,380.08	Check	8460 Payroll Processing Fees	
11/22/2021	1566	RESTAURANT DEPOT		1,593.15		Reconciled	152,516.96	Check	Purchase:Restaurant Depot	
11/22/2021	1565	LAI F CHONG		12,000.00		Reconciled	154,110.11	Check	8430 Payroll - Tips	
11/22/2021	1563	DA THAISON		1,981.00		Reconciled	166,110.11	Check	Purchase:Da Thaison Inc	
11/22/2021			PNC MERCHANT DES:DEPOSIT ID:266371382885 INDN:THAI KITCHEN 2 CO ID:F592126793 CCD		7,505.30	Reconciled	168,091.11	Deposit	Income:CREDIT CARD	
11/22/2021			PNC MERCHANT DES:DEPOSIT ID:266371382885 INDN:THAI KITCHEN 2 CO ID:F592126793 CCD		3,939.79	Reconciled	160,585.81	Deposit	Income:CREDIT CARD	
11/19/2021		MERCHANT BANKCD	PNC MERCHANT DES:DEPOSIT ID:266371382885 INDN:THAI KITCHEN 2 CO ID:F592126793 CCD	0.52		Reconciled	156,646.02	Check	Income:CREDIT CARD	
11/19/2021		PAYCHEX TPS TAXES	PAYCHEX TPS DES:TAXES ID:94964900008137X INDN:COUR THAI GROUP CORPOR CO ID:1161124166 CCD	1,503.04		Reconciled	156,646.54	Check	3140 Payroll Taxes Liabilities	
11/19/2021	1561	DA THAISON		1,326.00		Reconciled	158,149.58	Check	Purchase:Da Thaison Inc	
11/19/2021			PNC MERCHANT DES:DEPOSIT ID:266371382885 INDN:THAI KITCHEN 2 CO ID:F592126793 CCD		3,142.25	Reconciled	159,475.58	Deposit	Income:CREDIT CARD	
11/19/2021			DoorDash, Inc. DES:Disabled A ID:ST-U6U7B5N0R1O3 INDN:COUR THAI LLC CO ID:4270465600 CCD		1,637.98	Reconciled	156,333.33	Deposit	Income:DoorDash	
11/18/2021		NJ GOVSERVICE	NJGovServEW DES:NJGovServE ID:609-586-2600 INDN:COUR THAI GROUP CORPOR CO ID:1522077581 CCD	75.50		Reconciled	154,695.35	Check	8220 Licenses and Permits	
11/18/2021			PNC MERCHANT DES:DEPOSIT ID:266371382885 INDN:THAI KITCHEN 2 CO ID:F592126793 CCD		3,591.85	Reconciled	154,770.85	Deposit	Income:CREDIT CARD	
11/17/2021		MERCHANT BANKCD	PNC MERCHANT DES:DEPOSIT ID:266371382885 INDN:THAI KITCHEN 2 CO ID:F592126793 CCD	0.18		Reconciled	151,179.00	Check	Income:CREDIT CARD	
11/17/2021			PNC MERCHANT DES:DEPOSIT ID:266371382885 INDN:THAI KITCHEN 2 CO ID:F592126793 CCD		2,302.11	Reconciled	151,179.18	Deposit	Income:CREDIT CARD	
11/16/2021		BOA CC PMT	Agent Assisted pymt to BkofAm CRD 0241 Confirmation# qslinpe2g	2,804.19		Reconciled	148,877.07	Check	3400 BOA #0241	
11/16/2021	1562	KAM KEU MARKET		2,867.60		Reconciled	151,681.26	Check	Purchase:KAM KEU ASIAN MARKET	
11/16/2021			PNC MERCHANT DES:DEPOSIT ID:266371382885 INDN:THAI KITCHEN 2 CO ID:F592126793 CCD		2,782.38	Reconciled	154,548.86	Deposit	Income:CREDIT CARD	
11/15/2021		MERCHANT BANKCD	PNC MERCHANT DES:DEPOSIT ID:266371382885 INDN:THAI KITCHEN 2 CO ID:F592126793 CCD	0.50		Reconciled	151,766.48	Check	Income:CREDIT CARD	
11/15/2021		MERCHANT BANKCD	PNC MERCHANT DES:DEPOSIT ID:266371382885 INDN:THAI KITCHEN 2 CO ID:F592126793 CCD	0.44		Reconciled	151,766.98	Check	Income:CREDIT CARD	
11/15/2021	5214	PAYROLL CHECK		685.52		Reconciled	151,767.42	Check	8400 Salaries and wages	
11/15/2021	5209	PAYROLL CHECK		685.52		Reconciled	152,452.94	Check	8400 Salaries and wages	
11/15/2021	1560	DM CLEANING UP SERVICES LLC	ROAD CLEANING	450.00		Reconciled	153,138.46	Check	8660 Repairs & maintenance	
11/15/2021	1553	DA THAISON		1,795.90		Reconciled	153,588.46	Check	Purchase:Da Thaison Inc	
11/15/2021			PNC MERCHANT DES:DEPOSIT ID:266371382885 INDN:THAI KITCHEN 2 CO ID:F592126793 CCD		8,475.75	Reconciled	155,384.36	Deposit	Income:CREDIT CARD	
11/15/2021			PNC MERCHANT DES:DEPOSIT ID:266371382885 INDN:THAI KITCHEN 2 CO ID:F592126793 CCD		5,053.36	Reconciled	146,908.61	Deposit	Income:CREDIT CARD	
11/12/2021	5203	PAYROLL CHECK		1,514.84		Reconciled	141,855.25	Check	8400 Salaries and wages	
11/12/2021	5198	PAYROLL CHECK		1,429.57		Reconciled	143,370.09	Check	8400 Salaries and wages	
11/12/2021	5193	PAYROLL CHECK		1,227.29		Reconciled	144,799.66	Check	8400 Salaries and wages	
11/12/2021	1556	REPUBLIC SERVICE		184.86		Reconciled	146,026.95	Check	8880 Waste Management	
11/12/2021	1552	STATE OF NJ		33.16		Reconciled	146,211.81	Check	8440 Payroll Taxes	
11/12/2021			PNC MERCHANT DES:DEPOSIT ID:266371382885 INDN:THAI KITCHEN 2 CO ID:F592126793 CCD		4,283.44	Reconciled	146,244.97	Deposit	Income:CREDIT CARD	
11/12/2021			PNC MERCHANT DES:DEPOSIT ID:266371382885 INDN:THAI KITCHEN 2 CO ID:F592126793 CCD		3,550.23	Reconciled	141,961.53	Deposit	Income:CREDIT CARD	
11/12/2021			DoorDash, Inc. DES:Disabled A ID:ST-V1E0E7D2K3Z1 INDN:COUR THAI LLC CO ID:4270465600 CCD		1,502.29	Reconciled	138,411.30	Deposit	Income:DoorDash	
11/10/2021	1559	KAM KEU MARKET		3,469.15		Reconciled	136,909.01	Check	Purchase:KAM KEU ASIAN MARKET	
11/10/2021	1557	Levin Management		18,880.77		Reconciled	140,378.16	Check	Rent:Restaurant	
11/10/2021	1554	HORIZON		1,114.65		Reconciled	159,258.93	Check	8150 Health Insurance	
11/10/2021			PNC MERCHANT DES:DEPOSIT ID:266371382885 INDN:THAI KITCHEN 2 CO ID:F592126793 CCD		2,407.36	Reconciled	160,373.58	Deposit	Income:CREDIT CARD	
11/09/2021	1558	C & S ASSOCIATES		1,015.00		Reconciled	157,966.22	Check	Rent:Dormitory	
11/09/2021			PNC MERCHANT DES:DEPOSIT ID:266371382885 INDN:THAI KITCHEN 2 CO ID:F592126793 CCD		2,402.46	Reconciled	158,981.22	Deposit	Income:CREDIT CARD	
11/08/2021		PAYCHEX EIB INVOICE	PAYCHEX EIB DES:INVOICE ID:X94788400014243 INDN:COUR THAI GROUP CORPOR CO ID:1161124166 CCD	131.36		Reconciled	156,578.76	Check	8460 Payroll Processing Fees	
11/08/2021	1555	LAI F CHONG		15,000.00		Reconciled	156,710.12	Check	4520 Loan officer	
11/08/2021			PNC MERCHANT DES:DEPOSIT ID:266371382885 INDN:THAI KITCHEN 2 CO ID:F592126793 CCD		6,180.95	Reconciled	171,710.12	Deposit	Income:CREDIT CARD	
11/08/2021			PNC MERCHANT DES:DEPOSIT ID:266371382885 INDN:THAI KITCHEN 2 CO ID:F592126793 CCD		4,820.91	Reconciled	165,529.17	Deposit	Income:CREDIT CARD	
11/05/2021		PAYCHEX TPS TAXES	PAYCHEX TPS DES:TAXES ID:94783100010449X INDN:COUR THAI GROUP CORPOR CO ID:1161124166 CCD	1,231.11		Reconciled	160,708.26	Check	3140 Payroll Taxes Liabilities	
11/05/2021	1548	COSTCO WHOLESALE		297.39		Reconciled	161,939.37	Check	Purchase:COSTCO	
11/05/2021			PNC MERCHANT DES:DEPOSIT ID:266371382885 INDN:THAI KITCHEN 2 CO ID:F592126793 CCD		2,662.82	Reconciled	162,236.76	Deposit	Income:CREDIT CARD	
11/05/2021			DoorDash, Inc. DES:Disabled A ID:ST-Y2I7D3Y9O5I8 INDN:COUR THAI LLC CO ID:4270465600 CCD		1,562.57	Reconciled	159,573.94	Deposit	Income:DoorDash	
11/04/2021			PNC MERCHANT DES:DEPOSIT ID:266371382885 INDN:THAI KITCHEN 2 CO ID:F592126793 CCD		2,858.72	Reconciled	158,011.37	Deposit	Income:CREDIT CARD	
11/03/2021		MERCHANT BANKCD	PNC MERCHANT DES:DEPOSIT ID:266371382885 INDN:THAI KITCHEN 2 CO ID:F592126793 CCD	3,213.92		Reconciled	155,152.65	Check	7750 Credit Card Processing Fee	
11/03/2021			PNC MERCHANT DES:DEPOSIT ID:266371382885 INDN:THAI KITCHEN 2 CO ID:F592126793 CCD		2,606.54	Reconciled	158,366.57	Deposit	Income:CREDIT CARD	
11/02/2021	1551	KAM KEU MARKET		3,469.10		Reconciled	155,760.03	Check	Purchase:KAM KEU ASIAN MARKET	
11/02/2021	1550	SEA PRIVATE SEAFOOD		1,293.10		Reconciled	159,229.13	Check	Purchase:Sea Pirate Seafood	
11/02/2021	1549	RESTAURANT DEPOT		904.89		Reconciled	160,522.23	Check	Purchase:Restaurant Depot	
11/02/2021			PNC MERCHANT DES:DEPOSIT ID:266371382885 INDN:THAI KITCHEN 2 CO ID:F592126793 CCD		2,043.38	Reconciled	161,427.12	Deposit	Income:CREDIT CARD	
11/01/2021	1547	DA THAISON		1,929.00		Reconciled	159,383.74	Check	Purchase:Da Thaison Inc	
11/01/2021			PNC MERCHANT DES:DEPOSIT ID:266371382885 INDN:THAI KITCHEN 2 CO ID:F592126793 CCD		7,411.39	Reconciled	161,312.74	Deposit	Income:CREDIT CARD	
11/01/2021			PNC MERCHANT DES:DEPOSIT ID:266371382885 INDN:THAI KITCHEN 2 CO ID:F592126793 CCD		4,844.25	Reconciled	153,901.35	Deposit	Income:CREDIT CARD	
11/01/2021			PNC MERCHANT DES:DEPOSIT ID:266371382885 INDN:THAI KITCHEN 2 CO ID:F592126793 CCD		2,880.90	Reconciled	149,057.10	Deposit	Income:CREDIT CARD	
10/29/2021			PNC MERCHANT DES:DEPOSIT ID:266371382885 INDN:THAI KITCHEN 2 CO ID:F592126793 CCD		2,695.28	Reconciled	146,176.20	Deposit	Income:CREDIT CARD	
10/29/2021			DoorDash, Inc. DES:Disabled A ID:ST-D1P1X5M9I6C9 INDN:COUR THAI LLC CO ID:4270465600 CCD		1,395.65	Reconciled	143,480.92	Deposit	Income:DoorDash	
10/27/2021	5204	PAYROLL CHECK		685.52		Reconciled	142,085.27	Check	8400 Salaries and wages	
10/27/2021	5199	PAYROLL CHECK		685.52		Reconciled	142,770.79	Check	8400 Salaries and wages	
10/27/2021	5194	PAYROLL CHECK		685.52		Reconciled	143,456.31	Check	8400 Salaries and wages	
10/27/2021	5185	PAYROLL CHECK		685.52		Reconciled	144,141.83	Check	8400 Salaries and wages	
10/27/2021	1545	YEE SING TRADING		1,761.50		Reconciled	144,827.35	Check	Purchase:YEE SING TRADING	
10/27/2021	1543	COSTCO WHOLESALE		288.11		Reconciled	146,588.85	Check	Purchase:COSTCO	
10/27/2021			PNC MERCHANT DES:DEPOSIT ID:266371382885 INDN:THAI KITCHEN 2 CO ID:F592126793 CCD		2,442.84	Reconciled	146,876.96	Deposit	Income:CREDIT CARD	
10/26/2021	1546	KAM KEU MARKET		3,787.50		Reconciled	144,434.12	Check	Purchase:KAM KEU ASIAN MARKET	
10/26/2021			PNC MERCHANT DES:DEPOSIT ID:266371382885 INDN:THAI KITCHEN 2 CO ID:F592126793 CCD		2,442.34	Reconciled	148,221.62	Deposit	Income:CREDIT CARD	
10/25/2021		PAYCHEX EIB INVOICE	PAYCHEX EIB DES:INVOICE ID:X94601300001781 INDN:COUR THAI GROUP CORPOR CO ID:1161124166 CCD	141.36		Reconciled	145,779.28	Check	8460 Payroll Processing Fees	
10/25/2021	1544	DA THAISON		1,919.00		Reconciled	145,920.64	Check	Purchase:Da Thaison Inc	
10/25/2021			PNC MERCHANT DES:DEPOSIT ID:266371382885 INDN:THAI KITCHEN 2 CO ID:F592126793 CCD		6,721.39	Reconciled	147,839.64	Deposit	Income:CREDIT CARD	
10/25/2021			PNC MERCHANT DES:DEPOSIT ID:266371382885 INDN:THAI KITCHEN 2 CO ID:F592126793 CCD		4,131.39	Reconciled	141,118.25	Deposit	Income:CREDIT CARD	
10/22/2021		PAYCHEX TPS TAXES	PAYCHEX TPS DES:TAXES ID:94593500008590X INDN:COUR THAI GROUP CORPOR CO ID:1161124166 CCD	1,347.95		Reconciled	136,986.86	Check	3140 Payroll Taxes Liabilities	
10/22/2021			PNC MERCHANT DES:DEPOSIT ID:266371382885 INDN:THAI KITCHEN 2 CO ID:F592126793 CCD		2,251.37	Reconciled	138,334.81	Deposit	Income:CREDIT CARD	
10/22/2021			DoorDash, Inc. DES:Disabled A ID:ST-U0B7P6U1G6S0 INDN:COUR THAI LLC CO ID:4270465600 CCD		1,517.89	Reconciled	136,083.44	Deposit	Income:DoorDash	
10/21/2021			PNC MERCHANT DES:DEPOSIT ID:266371382885 INDN:THAI KITCHEN 2 CO ID:F592126793 CCD		5,529.46	Reconciled	134,565.55	Deposit	Income:CREDIT CARD	
10/20/2021		NJ S&U WEB PMT	NJ S&U WEB PMT DES:NJWEB55 ID:091000017696078 INDN:COUR THAI GROUP CORPOR CO ID:7216000928 CCD PMT INFO:TXP*B8439605	5,135.26		Reconciled	129,036.09	Check	6030 Sales Tax  Adjustment	
10/20/2021	1541	SEA PRIVATE SEAFOOD		2,203.20		Reconciled	134,171.35	Check	Purchase:Sea Pirate Seafood	
10/20/2021	1540	DA THAISON		1,520.50		Reconciled	136,374.55	Check	Purchase:Da Thaison Inc	
10/19/2021	5183	PAYROLL CHECK		984.10		Reconciled	137,895.05	Check	8400 Salaries and wages	
10/19/2021	5182	PAYROLL CHECK		1,085.60		Reconciled	138,879.15	Check	8400 Salaries and wages	
10/19/2021	1542	KAM KEU MARKET		2,992.60		Reconciled	139,964.75	Check	Purchase:KAM KEU ASIAN MARKET	
10/19/2021	1532	NJ AMERICAN WATER		908.13		Reconciled	142,957.35	Check	Utilities:Water	
10/19/2021			PNC MERCHANT DES:DEPOSIT ID:266371382885 INDN:THAI KITCHEN 2 CO ID:F592126793 CCD		2,928.51	Reconciled	143,865.48	Deposit	Income:CREDIT CARD	
10/18/2021	5186	PAYROLL CHECK		568.65		Reconciled	140,936.97	Check	8400 Salaries and wages	
10/18/2021	5179	PAYROLL CHECK		546.94		Reconciled	141,505.62	Check	8400 Salaries and wages	
10/18/2021	5174	PAYROLL CHECK		588.03		Reconciled	142,052.56	Check	8400 Salaries and wages	
10/18/2021	5146	PAYROLL CHECK		555.56		Reconciled	142,640.59	Check	8400 Salaries and wages	
10/18/2021	5142	PAYROLL CHECK		602.22		Reconciled	143,196.15	Check	8400 Salaries and wages	
10/18/2021	5138	PAYROLL CHECK		620.64		Reconciled	143,798.37	Check	8400 Salaries and wages	
10/18/2021	1539	LAI F CHONG		12,000.00		Reconciled	144,419.01	Check	4520 Loan officer	
10/18/2021	1538	KAM KEU MARKET		2,695.00		Reconciled	156,419.01	Check	Purchase:KAM KEU ASIAN MARKET	
10/18/2021			PNC MERCHANT DES:DEPOSIT ID:266371382885 INDN:THAI KITCHEN 2 CO ID:F592126793 CCD		8,713.10	Reconciled	159,114.01	Deposit	Income:CREDIT CARD	
10/18/2021			PNC MERCHANT DES:DEPOSIT ID:266371382885 INDN:THAI KITCHEN 2 CO ID:F592126793 CCD		3,065.80	Reconciled	150,400.91	Deposit	Income:CREDIT CARD	
10/15/2021		BOA CC PMT	BANK OF AMERICA DES:QRMT Pymt ID:COUR THAI INDN:4339931165670241 00 CO ID:3001190310 CCD	1,861.32		Reconciled	147,335.11	Check	3400 BOA #0241	
10/15/2021	1537	AUTO CHLOR SYSTEM		927.42		Reconciled	149,196.43	Check	8670 Dishwash expense	
10/15/2021			PNC MERCHANT DES:DEPOSIT ID:266371382885 INDN:THAI KITCHEN 2 CO ID:F592126793 CCD		2,565.60	Reconciled	150,123.85	Deposit	Income:CREDIT CARD	
10/15/2021			DoorDash, Inc. DES:Disabled A ID:ST-E0J9E1W2H1Q0 INDN:COUR THAI LLC CO ID:4270465600 CCD		1,062.69	Reconciled	147,558.25	Deposit	Income:DoorDash	
10/14/2021			PNC MERCHANT DES:DEPOSIT ID:266371382885 INDN:THAI KITCHEN 2 CO ID:F592126793 CCD		2,106.83	Reconciled	146,495.56	Deposit	Income:CREDIT CARD	
10/13/2021	1535	DA THAISON		1,730.50		Reconciled	144,388.73	Check	Purchase:Da Thaison Inc	
10/13/2021			PNC MERCHANT DES:DEPOSIT ID:266371382885 INDN:THAI KITCHEN 2 CO ID:F592126793 CCD		1,862.19	Reconciled	146,119.23	Deposit	Income:CREDIT CARD	
10/12/2021	5202	PAYROLL CHECK		588.83		Reconciled	144,257.04	Check	8400 Salaries and wages	
10/12/2021	5201	PAYROLL CHECK		540.91		Reconciled	144,845.87	Check	8400 Salaries and wages	
10/12/2021	5197	PAYROLL CHECK		575.64		Reconciled	145,386.78	Check	8400 Salaries and wages	
10/12/2021	5196	PAYROLL CHECK		540.91		Reconciled	145,962.42	Check	8400 Salaries and wages	
10/12/2021	5190	PAYROLL CHECK		593.02		Reconciled	146,503.33	Check	8400 Salaries and wages	
10/12/2021	5189	PAYROLL CHECK		524.96		Reconciled	147,096.35	Check	8400 Salaries and wages	
10/12/2021	5181	PAYROLL CHECK		575.17		Reconciled	147,621.31	Check	8400 Salaries and wages	
10/12/2021	5175	PAYROLL CHECK		524.96		Reconciled	148,196.48	Check	8400 Salaries and wages	
10/12/2021	1536	RESTAURANT DEPOT		1,002.03		Reconciled	148,721.44	Check	Purchase:Restaurant Depot	
10/12/2021	1533	C & S ASSOCIATES		1,315.00		Reconciled	149,723.47	Check	Rent:Dormitory	
10/12/2021	1531	ECOLAB		274.76		Reconciled	151,038.47	Check	8870 Pest Control	
10/12/2021	1528	REPUBLIC SERVICE		184.94		Reconciled	151,313.23	Check	8880 Waste Management	
10/12/2021			PNC MERCHANT DES:DEPOSIT ID:266371382885 INDN:THAI KITCHEN 2 CO ID:F592126793 CCD		7,218.48	Reconciled	151,498.17	Deposit	Income:CREDIT CARD	
10/12/2021			PNC MERCHANT DES:DEPOSIT ID:266371382885 INDN:THAI KITCHEN 2 CO ID:F592126793 CCD		4,718.41	Reconciled	144,279.69	Deposit	Income:CREDIT CARD	
10/12/2021			PNC MERCHANT DES:DEPOSIT ID:266371382885 INDN:THAI KITCHEN 2 CO ID:F592126793 CCD		3,561.84	Reconciled	139,561.28	Deposit	Income:CREDIT CARD	
10/08/2021		PAYCHEX TPS TAXES	PAYCHEX TPS DES:TAXES ID:94380000017620X INDN:COUR THAI GROUP CORPOR CO ID:1161124166 CCD	1,132.47		Reconciled	135,999.44	Check	3140 Payroll Taxes Liabilities	
10/08/2021		PAYCHEX EIB INVOICE	PAYCHEX EIB DES:INVOICE ID:X94389800010252 INDN:COUR THAI GROUP CORPOR CO ID:1161124166 CCD	145.36		Reconciled	137,131.91	Check	8460 Payroll Processing Fees	
10/08/2021	1534	KAM KEU MARKET		3,232.75		Reconciled	137,277.27	Check	Purchase:KAM KEU ASIAN MARKET	
10/08/2021	1527	Levin Management		12,895.77		Reconciled	140,510.02	Check	Rent:Restaurant	
10/08/2021			MERCHANT BNKCD DES:DEPOSIT ID:266371382885 INDN:THAI KITCHEN 2 CO ID:F592126793 CCD		2,447.52	Reconciled	153,405.79	Deposit	Income:CREDIT CARD	
10/08/2021			DoorDash, Inc. DES:Disabled A ID:ST-E2X3X6R7Z2G3 INDN:COUR THAI LLC CO ID:4270465600 CCD		1,375.57	Reconciled	150,958.27	Deposit	Income:DoorDash	
10/07/2021	1530	HORIZON		1,114.65		Reconciled	149,582.70	Check	8150 Health Insurance	
10/07/2021			MERCHANT BNKCD DES:DEPOSIT ID:266371382885 INDN:THAI KITCHEN 2 CO ID:F592126793 CCD		2,844.98	Reconciled	150,697.35	Deposit	Income:CREDIT CARD	
10/06/2021	1529	VERIZON		238.87		Reconciled	147,852.37	Check	8840 Telephone	
10/06/2021	1526	PSE&G		3,879.87		Reconciled	148,091.24	Check	Utilities:Gas and Electric	
10/06/2021			MERCHANT BNKCD DES:DEPOSIT ID:266371382885 INDN:THAI KITCHEN 2 CO ID:F592126793 CCD		2,305.51	Reconciled	151,971.11	Deposit	Income:CREDIT CARD	
10/05/2021			MERCHANT BNKCD DES:DEPOSIT ID:266371382885 INDN:THAI KITCHEN 2 CO ID:F592126793 CCD		2,986.83	Reconciled	149,665.60	Deposit	Income:CREDIT CARD	
10/04/2021		MERCHANT BANKCD	MERCHANT BNKCD DES:DEPOSIT ID:266371382885 INDN:THAI KITCHEN 2 CO ID:F592126793 CCD	2,880.04		Reconciled	146,678.77	Check	7750 Credit Card Processing Fee	
10/04/2021	5184	PAYROLL CHECK		651.10		Reconciled	149,558.81	Check	8400 Salaries and wages	
10/04/2021	5177	PAYROLL CHECK		687.95		Reconciled	150,209.91	Check	8400 Salaries and wages	
10/04/2021	5172	PAYROLL CHECK		1,250.27		Reconciled	150,897.86	Check	8400 Salaries and wages	
10/04/2021	5143	PAYROLL CHECK		1,772.87		Reconciled	152,148.13	Check	8400 Salaries and wages	
10/04/2021	1525	LAI F CHONG		10,000.00		Reconciled	153,921.00	Check	8430 Payroll - Tips	
10/04/2021	1524	DA THAISON		1,557.00		Reconciled	163,921.00	Check	Purchase:Da Thaison Inc	
10/04/2021	1522	COSTCO WHOLESALE		266.11		Reconciled	165,478.00	Check	Purchase:COSTCO	
10/04/2021			MERCHANT BNKCD DES:DEPOSIT ID:266371382885 INDN:THAI KITCHEN 2 CO ID:F592126793 CCD		6,704.47	Reconciled	165,744.11	Deposit	Income:CREDIT CARD	
10/04/2021			MERCHANT BNKCD DES:DEPOSIT ID:266371382885 INDN:THAI KITCHEN 2 CO ID:F592126793 CCD		4,207.32	Reconciled	159,039.64	Deposit	Income:CREDIT CARD	
10/01/2021	1523	KAM KEU MARKET		2,525.50		Reconciled	154,832.32	Check	Purchase:KAM KEU ASIAN MARKET	
10/01/2021			MERCHANT BNKCD DES:DEPOSIT ID:266371382885 INDN:THAI KITCHEN 2 CO ID:F592126793 CCD		2,375.97	Reconciled	157,357.82	Deposit	Income:CREDIT CARD	
10/01/2021			DoorDash, Inc. DES:Disabled A ID:ST-K9V3L3S7U6H6 INDN:COUR THAI LLC CO ID:4270465600 CCD		1,213.57	Reconciled	154,981.85	Deposit	Income:DoorDash	
09/30/2021			MERCHANT BNKCD DES:DEPOSIT ID:266371382885 INDN:THAI KITCHEN 2 CO ID:F592126793 CCD		2,578.83	Reconciled	153,768.28	Deposit	Income:CREDIT CARD	
09/29/2021	1521	SEA PRIVATE SEAFOOD		1,047.90		Reconciled	151,189.45	Check	Purchase:Sea Pirate Seafood	
09/29/2021			MERCHANT BNKCD DES:DEPOSIT ID:266371382885 INDN:THAI KITCHEN 2 CO ID:F592126793 CCD		2,097.50	Reconciled	152,237.35	Deposit	Income:CREDIT CARD	
09/28/2021		PAYCHEX EIB INVOICE	PAYCHEX EIB DES:INVOICE ID:X94265800001389 INDN:COUR THAI GROUP CORPOR CO ID:1161124166 CCD	141.36		Reconciled	150,139.85	Check	8460 Payroll Processing Fees	
09/28/2021			MERCHANT BNKCD DES:DEPOSIT ID:266371382885 INDN:THAI KITCHEN 2 CO ID:F592126793 CCD		2,442.95	Reconciled	150,281.21	Deposit	Income:CREDIT CARD	
09/27/2021		PAYCHEX TPS TAXES	PAYCHEX TPS DES:TAXES ID:94252900001951X INDN:COUR THAI GROUP CORPOR CO ID:1161124166 CCD	1,153.02		Reconciled	147,838.26	Check	3140 Payroll Taxes Liabilities	
09/27/2021	5169	PAYROLL CHECK		175.61		Reconciled	148,991.28	Check	8400 Salaries and wages	
09/27/2021	5164	PAYROLL CHECK		594.23		Reconciled	149,166.89	Check	8400 Salaries and wages	
09/27/2021	5159	PAYROLL CHECK		172.03		Reconciled	149,761.12	Check	8400 Salaries and wages	
09/27/2021	5154	PAYROLL CHECK		571.14		Reconciled	149,933.15	Check	8400 Salaries and wages	
09/27/2021	5149	PAYROLL CHECK		558.68		Reconciled	150,504.29	Check	8400 Salaries and wages	
09/27/2021	1520	DA THAISON		1,371.00		Reconciled	151,062.97	Check	Purchase:Da Thaison Inc	
09/27/2021	1519	LAI F CHONG		8,000.00		Reconciled	152,433.97	Check	4520 Loan officer	
09/27/2021			MERCHANT BNKCD DES:DEPOSIT ID:266371382885 INDN:THAI KITCHEN 2 CO ID:F592126793 CCD		5,270.65	Reconciled	160,433.97	Deposit	Income:CREDIT CARD	
09/27/2021			MERCHANT BNKCD DES:DEPOSIT ID:266371382885 INDN:THAI KITCHEN 2 CO ID:F592126793 CCD		4,641.53	Reconciled	155,163.32	Deposit	Income:CREDIT CARD	
09/24/2021	1518	KAM KEU MARKET		3,073.05		Reconciled	150,521.79	Check	Purchase:KAM KEU ASIAN MARKET	
09/24/2021			MERCHANT BNKCD DES:DEPOSIT ID:266371382885 INDN:THAI KITCHEN 2 CO ID:F592126793 CCD		2,175.08	Reconciled	153,594.84	Deposit	Income:CREDIT CARD	
09/24/2021			DoorDash, Inc. DES:Disabled A ID:ST-P0I7B2B7I8H3 INDN:COUR THAI LLC CO ID:4270465600 CCD		1,126.05	Reconciled	151,419.76	Deposit	Income:DoorDash	
09/23/2021			MERCHANT BNKCD DES:DEPOSIT ID:266371382885 INDN:THAI KITCHEN 2 CO ID:F592126793 CCD		2,768.44	Reconciled	150,293.71	Deposit	Income:CREDIT CARD	
09/22/2021			MERCHANT BNKCD DES:DEPOSIT ID:266371382885 INDN:THAI KITCHEN 2 CO ID:F592126793 CCD		4,595.98	Reconciled	147,525.27	Deposit	Income:CREDIT CARD	
09/21/2021	1516	SEA PRIVATE SEAFOOD		1,463.50		Reconciled	142,929.29	Check	Purchase:Sea Pirate Seafood	
09/20/2021		NJ S&U WEB PMT	NJ WEB PMT 04110 DES:NJWEB04110 ID:091000017429519 INDN:COUR THAI GROUP CORPOR CO ID:7216000928 CCD PMT INFO:TXP*B843960	5,205.57		Reconciled	144,392.79	Check	6030 Sales Tax  Adjustment	
09/20/2021	1515	DA THAISON		1,195.30		Reconciled	149,598.36	Check	Purchase:Da Thaison Inc	
09/20/2021	1512	TOUCH PLUS	PDF	450.00		Reconciled	150,793.66	Check	8300 Office Supplies	
09/20/2021			MERCHANT BNKCD DES:DEPOSIT ID:266371382885 INDN:THAI KITCHEN 2 CO ID:F592126793 CCD		6,322.14	Reconciled	151,243.66	Deposit	Income:CREDIT CARD	
09/20/2021			MERCHANT BNKCD DES:DEPOSIT ID:266371382885 INDN:THAI KITCHEN 2 CO ID:F592126793 CCD		5,020.14	Reconciled	144,921.52	Deposit	Income:CREDIT CARD	
09/17/2021		NJ S&U WEB PMT	NJ WEB PMT 02201 DES:NJWEB02201 ID:091000017399841 INDN: CO ID:7216000928 CCD PMT INFO:TXP*B843960560000*02201*201230*T*	639.00		Reconciled	139,901.38	Check	8580 NJ CBT Tax	
09/17/2021	1514	KAM KEU MARKET		2,545.20		Reconciled	140,540.38	Check	Purchase:KAM KEU ASIAN MARKET	
09/17/2021	1509	USA FIRE PROTECTION		267.00		Reconciled	143,085.58	Check	8220 Licenses and Permits	
09/17/2021			MERCHANT BNKCD DES:DEPOSIT ID:266371382885 INDN:THAI KITCHEN 2 CO ID:F592126793 CCD		2,983.80	Reconciled	143,352.58	Deposit	Income:CREDIT CARD	
09/17/2021			DoorDash, Inc. DES:Disabled A ID:ST-P5L3N1O5T8U8 INDN:COUR THAI LLC CO ID:4270465600 CCD		917.52	Reconciled	140,368.78	Deposit	Income:DoorDash	
09/16/2021		BOA CC PMT	BANK OF AMERICA DES:QRMT Pymt ID:COUR THAI INDN:4339931165670241 00 CO ID:3001190310 CCD	3,782.99		Reconciled	139,451.26	Check	3400 BOA #0241	
09/16/2021			MERCHANT BNKCD DES:DEPOSIT ID:266371382885 INDN:THAI KITCHEN 2 CO ID:F592126793 CCD		2,469.61	Reconciled	143,234.25	Deposit	Income:CREDIT CARD	
09/15/2021	1513	RESTAURANT DEPOT		1,368.68		Reconciled	140,764.64	Check	Purchase:Restaurant Depot	
09/15/2021			MERCHANT BNKCD DES:DEPOSIT ID:266371382885 INDN:THAI KITCHEN 2 CO ID:F592126793 CCD		2,104.74	Reconciled	142,133.32	Deposit	Income:CREDIT CARD	
09/14/2021			MERCHANT BNKCD DES:DEPOSIT ID:266371382885 INDN:THAI KITCHEN 2 CO ID:F592126793 CCD		4,450.79	Reconciled	140,028.58	Deposit	Income:CREDIT CARD	
09/13/2021		PAYCHEX EIB INVOICE	PAYCHEX EIB DES:INVOICE ID:X94068200022716 INDN:COUR THAI GROUP CORPOR CO ID:1161124166 CCD	131.36		Reconciled	135,577.79	Check	8460 Payroll Processing Fees	
09/13/2021	1511	DA THAISON		1,351.90		Reconciled	135,709.15	Check	Purchase:Da Thaison Inc	
09/13/2021	1508	COSTCO WHOLESALE		364.76		Reconciled	137,061.05	Check	Purchase:COSTCO	
09/13/2021	1504	Levin Management		12,895.77		Reconciled	137,425.81	Check	Rent:Restaurant	
09/13/2021	1502	NJ AMERICAN WATER		927.41		Reconciled	150,321.58	Check	Utilities:Water	
09/13/2021	1497	VERIZON		119.47		Reconciled	151,248.99	Check	8840 Telephone	
09/13/2021			MERCHANT BNKCD DES:DEPOSIT ID:266371382885 INDN:THAI KITCHEN 2 CO ID:F592126793 CCD		3,984.70	Reconciled	151,368.46	Deposit	Income:CREDIT CARD	
09/13/2021			MERCHANT BNKCD DES:DEPOSIT ID:266371382885 INDN:THAI KITCHEN 2 CO ID:F592126793 CCD		3,891.79	Reconciled	147,383.76	Deposit	Income:CREDIT CARD	
09/10/2021		PAYCHEX TPS TAXES	PAYCHEX TPS DES:TAXES ID:94062200007816X INDN:COUR THAI GROUP CORPOR CO ID:1161124166 CCD	1,091.99		Reconciled	143,491.97	Check	3140 Payroll Taxes Liabilities	
09/10/2021	1510	KAM KEU MARKET		2,257.90		Reconciled	144,583.96	Check	Purchase:KAM KEU ASIAN MARKET	
09/10/2021	1500	REPUBLIC SERVICE		184.90		Reconciled	146,841.86	Check	8880 Waste Management	
09/10/2021	1363	LAI F CHONG		10,000.00		Reconciled	147,026.76	Check	4520 Loan officer	
09/10/2021			MERCHANT BNKCD DES:DEPOSIT ID:266371382885 INDN:THAI KITCHEN 2 CO ID:F592126793 CCD		3,112.28	Reconciled	157,026.76	Deposit	Income:CREDIT CARD	
09/10/2021			DoorDash, Inc. DES:Disabled A ID:ST-R3J5D6G5C8Z8 INDN:COUR THAI LLC CO ID:4270465600 CCD		854.68	Reconciled	153,914.48	Deposit	Income:DoorDash	
09/09/2021	5192	PAYROLL CHECK		380.02		Reconciled	153,059.80	Check	8400 Salaries and wages	
09/09/2021	5191	PAYROLL CHECK		415.34		Reconciled	153,439.82	Check	8400 Salaries and wages	
09/09/2021	5176	PAYROLL CHECK		548.06		Reconciled	153,855.16	Check	8400 Salaries and wages	
09/09/2021	5171	PAYROLL CHECK		169.66		Reconciled	154,403.22	Check	8400 Salaries and wages	
09/09/2021	5166	PAYROLL CHECK		569.03		Reconciled	154,572.88	Check	8400 Salaries and wages	
09/09/2021	5161	PAYROLL CHECK		160.91		Reconciled	155,141.91	Check	8400 Salaries and wages	
09/09/2021			MERCHANT BNKCD DES:DEPOSIT ID:266371382885 INDN:THAI KITCHEN 2 CO ID:F592126793 CCD		2,642.63	Reconciled	155,302.82	Deposit	Income:CREDIT CARD	
09/08/2021	1506	DA THAISON		1,194.50		Reconciled	152,660.19	Check	Purchase:Da Thaison Inc	
09/08/2021			MERCHANT BNKCD DES:DEPOSIT ID:266371382885 INDN:THAI KITCHEN 2 CO ID:F592126793 CCD		2,063.32	Reconciled	153,854.69	Deposit	Income:CREDIT CARD	
09/07/2021	1507	C & S ASSOCIATES		1,315.00		Reconciled	151,791.37	Check	Rent:Dormitory	
09/07/2021	1505	SEA PRIVATE SEAFOOD		1,854.40		Reconciled	153,106.37	Check	Purchase:Sea Pirate Seafood	
09/07/2021	1501	KAM KEU MARKET		2,393.75		Reconciled	154,960.77	Check	Purchase:KAM KEU ASIAN MARKET	
09/07/2021	1499	HORIZON		1,114.65		Reconciled	157,354.52	Check	8150 Health Insurance	
09/07/2021			MERCHANT BNKCD DES:DEPOSIT ID:266371382885 INDN:THAI KITCHEN 2 CO ID:F592126793 CCD		5,989.53	Reconciled	158,469.17	Deposit	Income:CREDIT CARD	
09/07/2021			MERCHANT BNKCD DES:DEPOSIT ID:266371382885 INDN:THAI KITCHEN 2 CO ID:F592126793 CCD		4,969.30	Reconciled	152,479.64	Deposit	Income:CREDIT CARD	
09/07/2021			MERCHANT BNKCD DES:DEPOSIT ID:266371382885 INDN:THAI KITCHEN 2 CO ID:F592126793 CCD		3,593.88	Reconciled	147,510.34	Deposit	Income:CREDIT CARD	
09/03/2021		MERCHANT BANKCD	MERCHANT BNKCD DES:DEPOSIT ID:266371382885 INDN:THAI KITCHEN 2 CO ID:F592126793 CCD	2,963.38		Reconciled	143,916.46	Check	7750 Credit Card Processing Fee	
09/03/2021			MERCHANT BNKCD DES:DEPOSIT ID:266371382885 INDN:THAI KITCHEN 2 CO ID:F592126793 CCD		3,241.28	Reconciled	146,879.84	Deposit	Income:CREDIT CARD	
09/03/2021			DoorDash, Inc. DES:Disabled A ID:ST-O5E8R7L2L1P1 INDN:COUR THAI LLC CO ID:4270465600 CCD		1,110.46	Reconciled	143,638.56	Deposit	Income:DoorDash	
09/02/2021			MERCHANT BNKCD DES:DEPOSIT ID:266371382885 INDN:THAI KITCHEN 2 CO ID:F592126793 CCD		1,751.40	Reconciled	142,528.10	Deposit	Income:CREDIT CARD	
09/01/2021	5180	PAYROLL CHECK		524.96		Reconciled	140,776.70	Check	8400 Salaries and wages	
09/01/2021	5178	PAYROLL CHECK		685.52		Reconciled	141,301.66	Check	8400 Salaries and wages	
09/01/2021	5173	PAYROLL CHECK		685.52		Reconciled	141,987.18	Check	8400 Salaries and wages	
09/01/2021	5170	PAYROLL CHECK		524.96		Reconciled	142,672.70	Check	8400 Salaries and wages	
09/01/2021	5165	PAYROLL CHECK		524.96		Reconciled	143,197.66	Check	8400 Salaries and wages	
09/01/2021	5160	PAYROLL CHECK		524.96		Reconciled	143,722.62	Check	8400 Salaries and wages	
09/01/2021			MERCHANT BNKCD DES:DEPOSIT ID:266371382885 INDN:THAI KITCHEN 2 CO ID:F592126793 CCD		2,466.27	Reconciled	144,247.58	Deposit	Income:CREDIT CARD	
08/31/2021			MERCHANT BNKCD DES:DEPOSIT ID:266371382885 INDN:THAI KITCHEN 2 CO ID:F592126793 CCD		2,118.12	Reconciled	141,781.31	Deposit	Income:CREDIT CARD	
08/30/2021		PAYCHEX EIB INVOICE	PAYCHEX EIB DES:INVOICE ID:X93899500037501 INDN:COUR THAI GROUP CORPOR CO ID:1161124166 CCD	173.94		Reconciled	139,663.19	Check	8460 Payroll Processing Fees	
08/30/2021	5167	PAYROLL CHECK		978.80		Reconciled	139,837.13	Check	8400 Salaries and wages	
08/30/2021	5157	PAYROLL CHECK		1,038.69		Reconciled	140,815.93	Check	8400 Salaries and wages	
08/30/2021			MERCHANT BNKCD DES:DEPOSIT ID:266371382885 INDN:THAI KITCHEN 2 CO ID:F592126793 CCD		6,278.77	Reconciled	141,854.62	Deposit	Income:CREDIT CARD	
08/30/2021			MERCHANT BNKCD DES:DEPOSIT ID:266371382885 INDN:THAI KITCHEN 2 CO ID:F592126793 CCD		5,552.04	Reconciled	135,575.85	Deposit	Income:CREDIT CARD	
08/27/2021		PAYCHEX TPS TAXES	PAYCHEX TPS DES:TAXES ID:93893400006716X INDN:COUR THAI GROUP CORPOR CO ID:1161124166 CCD	1,049.30		Reconciled	130,023.81	Check	3140 Payroll Taxes Liabilities	
08/27/2021	1498	LAI F CHONG		12,000.00		Reconciled	131,073.11	Check	4520 Loan officer	
08/27/2021	1496	KAM KEU MARKET		2,564.20		Reconciled	143,073.11	Check	Purchase:KAM KEU ASIAN MARKET	
08/27/2021	1480	LAI F CHONG		12,000.00		Reconciled	145,637.31	Check	8430 Payroll - Tips	
08/27/2021			MERCHANT BNKCD DES:DEPOSIT ID:266371382885 INDN:THAI KITCHEN 2 CO ID:F592126793 CCD		2,866.45	Reconciled	157,637.31	Deposit	Income:CREDIT CARD	
08/27/2021			DoorDash, Inc. DES:Disabled A ID:ST-P0J1J3I8H0C2 INDN:COUR THAI LLC CO ID:4270465600 CCD		1,085.75	Reconciled	154,770.86	Deposit	Income:DoorDash	
08/26/2021			MERCHANT BNKCD DES:DEPOSIT ID:266371382885 INDN:THAI KITCHEN 2 CO ID:F592126793 CCD		2,488.65	Reconciled	153,685.11	Deposit	Income:CREDIT CARD	
08/25/2021	5168	PAYROLL CHECK		685.52		Reconciled	151,196.46	Check	8400 Salaries and wages	
08/25/2021	5163	PAYROLL CHECK		685.52		Reconciled	151,881.98	Check	8400 Salaries and wages	
08/25/2021	5162	PAYROLL CHECK		1,736.55		Reconciled	152,567.50	Check	8400 Salaries and wages	
08/25/2021	5158	PAYROLL CHECK		685.52		Reconciled	154,304.05	Check	8400 Salaries and wages	
08/25/2021	5153	PAYROLL CHECK		685.52		Reconciled	154,989.57	Check	8400 Salaries and wages	
08/25/2021	5152	PAYROLL CHECK		1,575.95		Reconciled	155,675.09	Check	8400 Salaries and wages	
08/25/2021	5148	PAYROLL CHECK		685.52		Reconciled	157,251.04	Check	8400 Salaries and wages	
08/25/2021	5147	PAYROLL CHECK		1,753.37		Reconciled	157,936.56	Check	8400 Salaries and wages	
08/25/2021	1495	YEE SING TRADING		3,174.00		Reconciled	159,689.93	Check	Purchase:YEE SING TRADING	
08/25/2021	1494	DA THAISON		2,706.00		Reconciled	162,863.93	Check	Purchase:Da Thaison Inc	
08/25/2021			MERCHANT BNKCD DES:DEPOSIT ID:266371382885 INDN:THAI KITCHEN 2 CO ID:F592126793 CCD		2,420.03	Reconciled	165,569.93	Deposit	Income:CREDIT CARD	
08/24/2021	1493	KAM KEU MARKET		2,983.05		Reconciled	163,149.90	Check	Purchase:KAM KEU ASIAN MARKET	
08/24/2021			MERCHANT BNKCD DES:DEPOSIT ID:266371382885 INDN:THAI KITCHEN 2 CO ID:F592126793 CCD		3,080.38	Reconciled	166,132.95	Deposit	Income:CREDIT CARD	
08/23/2021			MERCHANT BNKCD DES:DEPOSIT ID:266371382885 INDN:THAI KITCHEN 2 CO ID:F592126793 CCD		5,727.76	Reconciled	163,052.57	Deposit	Income:CREDIT CARD	
08/23/2021			MERCHANT BNKCD DES:DEPOSIT ID:266371382885 INDN:THAI KITCHEN 2 CO ID:F592126793 CCD		4,374.88	Reconciled	157,324.81	Deposit	Income:CREDIT CARD	
08/20/2021		NJ S&U WEB PMT	NJ WEB PMT 04110 DES:NJWEB04110 ID:091000017148407 INDN:COUR THAI GROUP CORPOR CO ID:7216000928 CCD PMT INFO:TXP*B843960	5,402.50		Reconciled	152,949.93	Check	6030 Sales Tax  Adjustment	
08/20/2021			MERCHANT BNKCD DES:DEPOSIT ID:266371382885 INDN:THAI KITCHEN 2 CO ID:F592126793 CCD		4,941.39	Reconciled	158,352.43	Deposit	Income:CREDIT CARD	
08/20/2021			DoorDash, Inc. DES:Disabled A ID:ST-W1E9A9O3C6S3 INDN:COUR THAI LLC CO ID:4270465600 CCD		827.11	Reconciled	153,411.04	Deposit	Income:DoorDash	
08/18/2021	1492	KAM KEU MARKET		2,384.15		Reconciled	152,583.93	Check	Purchase:KAM KEU ASIAN MARKET	
08/18/2021	1489	KAM KEU MARKET		2,198.45		Reconciled	154,968.08	Check	Purchase:KAM KEU ASIAN MARKET	
08/18/2021			MERCHANT BNKCD DES:DEPOSIT ID:266371382885 INDN:THAI KITCHEN 2 CO ID:F592126793 CCD		2,458.32	Reconciled	157,166.53	Deposit	Income:CREDIT CARD	
08/17/2021			MERCHANT BNKCD DES:DEPOSIT ID:266371382885 INDN:THAI KITCHEN 2 CO ID:F592126793 CCD		2,929.06	Reconciled	154,708.21	Deposit	Income:CREDIT CARD	
08/16/2021		BOA CC PMT	BANK OF AMERICA DES:QRMT Pymt ID:COUR THAI INDN:4339931165670241 00 CO ID:3001190310 CCD	3,725.88		Reconciled	151,779.15	Check	3400 BOA #0241	
08/16/2021		PAYCHEX EIB INVOICE	PAYCHEX EIB DES:INVOICE ID:X93716300011951 INDN:COUR THAI GROUP CORPOR CO ID:1161124166 CCD	131.36		Reconciled	155,505.03	Check	8460 Payroll Processing Fees	
08/16/2021	5134	PAYROLL CHECK		615.76		Reconciled	155,636.39	Check	8400 Salaries and wages	
08/16/2021	5130	PAYROLL CHECK		599.70		Reconciled	156,252.15	Check	8400 Salaries and wages	
08/16/2021	5129	PAYROLL CHECK		581.61		Reconciled	156,851.85	Check	8400 Salaries and wages	
08/16/2021	5125	PAYROLL CHECK		543.15		Reconciled	157,433.46	Check	8400 Salaries and wages	
08/16/2021	5121	PAYROLL CHECK		534.51		Reconciled	157,976.61	Check	8400 Salaries and wages	
08/16/2021			MERCHANT BNKCD DES:DEPOSIT ID:266371382885 INDN:THAI KITCHEN 2 CO ID:F592126793 CCD		4,989.62	Reconciled	158,511.12	Deposit	Income:CREDIT CARD	
08/16/2021			MERCHANT BNKCD DES:DEPOSIT ID:266371382885 INDN:THAI KITCHEN 2 CO ID:F592126793 CCD		4,329.91	Reconciled	153,521.50	Deposit	Income:CREDIT CARD	
08/16/2021			MERCHANT BNKCD DES:DEPOSIT ID:266371382885 INDN:THAI KITCHEN 2 CO ID:F592126793 CCD		2,295.38	Reconciled	149,191.59	Deposit	Income:CREDIT CARD	
08/13/2021		PAYCHEX TPS TAXES	PAYCHEX TPS DES:TAXES ID:93708100009387X INDN:COUR THAI GROUP CORPOR CO ID:1161124166 CCD	861.38		Reconciled	146,896.21	Check	3140 Payroll Taxes Liabilities	
08/13/2021			MERCHANT BNKCD DES:DEPOSIT ID:266371382885 INDN:THAI KITCHEN 2 CO ID:F592126793 CCD		2,209.80	Reconciled	147,757.59	Deposit	Income:CREDIT CARD	
08/13/2021			DoorDash, Inc. DES:Disabled A ID:ST-G2R2A2V4Z1Z4 INDN:COUR THAI LLC CO ID:4270465600 CCD		692.52	Reconciled	145,547.79	Deposit	Income:DoorDash	
08/12/2021			MERCHANT BNKCD DES:DEPOSIT ID:266371382885 INDN:THAI KITCHEN 2 CO ID:F592126793 CCD		2,264.66	Reconciled	144,855.27	Deposit	Income:CREDIT CARD	
08/11/2021	1488	NJ AMERICAN WATER		895.74		Reconciled	142,590.61	Check	Utilities:Water	
08/11/2021			MERCHANT BNKCD DES:DEPOSIT ID:266371382885 INDN:THAI KITCHEN 2 CO ID:F592126793 CCD		2,622.10	Reconciled	143,486.35	Deposit	Income:CREDIT CARD	
08/10/2021	1491	SEA PRIVATE SEAFOOD		1,554.80		Reconciled	140,864.25	Check	Purchase:Sea Pirate Seafood	
08/09/2021	1490	DA THAISON		2,501.00		Reconciled	142,419.05	Check	Purchase:Da Thaison Inc	
08/09/2021	1487	C & S ASSOCIATES		1,315.00		Reconciled	144,920.05	Check	Rent:Dormitory	
08/09/2021	1486	DK HEATING		298.55		Reconciled	146,235.05	Check	8660 Repairs & maintenance	
08/09/2021	1483	REPUBLIC SERVICE		184.90		Reconciled	146,533.60	Check	8880 Waste Management	
08/09/2021			MERCHANT BNKCD DES:DEPOSIT ID:266371382885 INDN:THAI KITCHEN 2 CO ID:F592126793 CCD		4,568.09	Reconciled	146,718.50	Deposit	Income:CREDIT CARD	
08/09/2021			MERCHANT BNKCD DES:DEPOSIT ID:266371382885 INDN:THAI KITCHEN 2 CO ID:F592126793 CCD		4,194.47	Reconciled	142,150.41	Deposit	Income:CREDIT CARD	
08/09/2021			MERCHANT BNKCD DES:DEPOSIT ID:266371382885 INDN:THAI KITCHEN 2 CO ID:F592126793 CCD		2,737.66	Reconciled	137,955.94	Deposit	Income:CREDIT CARD	
08/06/2021	1485	VERIZON		119.69		Reconciled	135,218.28	Check	8840 Telephone	
08/06/2021	1484	Levin Management		12,895.77		Reconciled	135,337.97	Check	Rent:Restaurant	
08/06/2021			DoorDash, Inc. DES:Disabled A ID:ST-R7J3P1N3M0U4 INDN:COUR THAI LLC CO ID:4270465600 CCD		916.58	Reconciled	148,233.74	Deposit	Income:DoorDash	
08/05/2021	1482	PSE&G		3,927.87		Reconciled	147,317.16	Check	Utilities:Gas and Electric	
08/05/2021			MERCHANT BNKCD DES:DEPOSIT ID:266371382885 INDN:THAI KITCHEN 2 CO ID:F592126793 CCD		2,350.02	Reconciled	151,245.03	Deposit	Income:CREDIT CARD	
08/04/2021	1479	DA THAISON		2,210.20		Reconciled	148,895.01	Check	Purchase:Da Thaison Inc	
08/04/2021			MERCHANT BNKCD DES:DEPOSIT ID:266371382885 INDN:THAI KITCHEN 2 CO ID:F592126793 CCD		3,325.87	Reconciled	151,105.21	Deposit	Income:CREDIT CARD	
08/03/2021		MERCHANT BANKCD	MERCHANT BNKCD DES:DEPOSIT ID:266371382885 INDN:THAI KITCHEN 2 CO ID:F592126793 CCD	3,092.89		Reconciled	147,779.34	Check	7750 Credit Card Processing Fee	
08/03/2021	1481	SEA PRIVATE SEAFOOD		1,293.00		Reconciled	150,872.23	Check	Purchase:Sea Pirate Seafood	
08/03/2021	1478	COSTCO WHOLESALE		345.47		Reconciled	152,165.23	Check	Purchase:COSTCO	
08/03/2021			MERCHANT BNKCD DES:DEPOSIT ID:266371382885 INDN:THAI KITCHEN 2 CO ID:F592126793 CCD		2,432.14	Reconciled	152,510.70	Deposit	Income:CREDIT CARD	
08/02/2021		PAYCHEX EIB INVOICE	PAYCHEX EIB DES:INVOICE ID:X93526400050067 INDN:COUR THAI GROUP CORPOR CO ID:1161124166 CCD	141.36		Reconciled	150,078.56	Check	8460 Payroll Processing Fees	
08/02/2021			MERCHANT BNKCD DES:DEPOSIT ID:266371382885 INDN:THAI KITCHEN 2 CO ID:F592126793 CCD		5,006.74	Reconciled	150,219.92	Deposit	Income:CREDIT CARD	
08/02/2021			MERCHANT BNKCD DES:DEPOSIT ID:266371382885 INDN:THAI KITCHEN 2 CO ID:F592126793 CCD		4,064.74	Reconciled	145,213.18	Deposit	Income:CREDIT CARD	
07/30/2021		PAYCHEX TPS TAXES	PAYCHEX TPS DES:TAXES ID:93520200014817X INDN:COUR THAI GROUP CORPOR CO ID:1161124166 CCD	1,116.12		Reconciled	141,148.44	Check	3140 Payroll Taxes Liabilities	
07/30/2021			MERCHANT BNKCD DES:DEPOSIT ID:266371382885 INDN:THAI KITCHEN 2 CO ID:F592126793 CCD		2,836.03	Reconciled	142,264.56	Deposit	Income:CREDIT CARD	
07/30/2021			DoorDash, Inc. DES:Disabled A ID:ST-W1S6D6Y8K3G9 INDN:COUR THAI LLC CO ID:4270465600 CCD		780.14	Reconciled	139,428.53	Deposit	Income:DoorDash	
07/29/2021			MERCHANT BNKCD DES:DEPOSIT ID:266371382885 INDN:THAI KITCHEN 2 CO ID:F592126793 CCD		2,046.73	Reconciled	138,648.39	Deposit	Income:CREDIT CARD	
07/28/2021			MERCHANT BNKCD DES:DEPOSIT ID:266371382885 INDN:THAI KITCHEN 2 CO ID:F592126793 CCD		4,960.00	Reconciled	136,601.66	Deposit	Income:CREDIT CARD	
07/27/2021	1477	KAM KEU MARKET		2,148.30		Reconciled	131,641.66	Check	Purchase:KAM KEU ASIAN MARKET	
07/26/2021			MERCHANT BNKCD DES:DEPOSIT ID:266371382885 INDN:THAI KITCHEN 2 CO ID:F592126793 CCD		6,190.00	Reconciled	133,789.96	Deposit	Income:CREDIT CARD	
07/26/2021			MERCHANT BNKCD DES:DEPOSIT ID:266371382885 INDN:THAI KITCHEN 2 CO ID:F592126793 CCD		4,607.92	Reconciled	127,599.96	Deposit	Income:CREDIT CARD	
07/23/2021	1476	DM CLEANING UP SERVICES LLC	ROAD CLEANING	450.00		Reconciled	122,992.04	Check	8660 Repairs & maintenance	
07/23/2021			MERCHANT BNKCD DES:DEPOSIT ID:266371382885 INDN:THAI KITCHEN 2 CO ID:F592126793 CCD		2,869.87	Reconciled	123,442.04	Deposit	Income:CREDIT CARD	
07/23/2021			DoorDash, Inc. DES:Disabled A ID:ST-G3J3I4N6M0H8 INDN:COUR THAI LLC CO ID:4270465600 CCD		1,225.96	Reconciled	120,572.17	Deposit	Income:DoorDash	
07/22/2021			MERCHANT BNKCD DES:DEPOSIT ID:266371382885 INDN:THAI KITCHEN 2 CO ID:F592126793 CCD		3,612.10	Reconciled	119,346.21	Deposit	Income:CREDIT CARD	
07/21/2021	1475	RESTAURANT DEPOT		2,057.81		Reconciled	115,734.11	Check	Purchase:Restaurant Depot	
07/21/2021			MERCHANT BNKCD DES:DEPOSIT ID:266371382885 INDN:THAI KITCHEN 2 CO ID:F592126793 CCD		1,821.78	Reconciled	117,791.92	Deposit	Income:CREDIT CARD	
07/20/2021		NJ S&U WEB PMT	NJ S&U WEB PMT DES:NJWEB55 ID:091000016807470 INDN:COUR THAI GROUP CORPOR CO ID:7216000928 CCD PMT INFO:TXP*B8439605	4,795.11		Reconciled	115,970.14	Check	6030 Sales Tax  Adjustment	
07/20/2021	1474	KAM KEU MARKET		2,257.00		Reconciled	120,765.25	Check	Purchase:KAM KEU ASIAN MARKET	
07/20/2021	1473	KAM KEU MARKET		2,225.90		Reconciled	123,022.25	Check	Purchase:KAM KEU ASIAN MARKET	
07/20/2021			MERCHANT BNKCD DES:DEPOSIT ID:266371382885 INDN:THAI KITCHEN 2 CO ID:F592126793 CCD		2,631.76	Reconciled	125,248.15	Deposit	Income:CREDIT CARD	
07/19/2021			MERCHANT BNKCD DES:DEPOSIT ID:266371382885 INDN:THAI KITCHEN 2 CO ID:F592126793 CCD		7,315.58	Reconciled	122,616.39	Deposit	Income:CREDIT CARD	
07/19/2021			MERCHANT BNKCD DES:DEPOSIT ID:266371382885 INDN:THAI KITCHEN 2 CO ID:F592126793 CCD		3,223.92	Reconciled	115,300.81	Deposit	Income:CREDIT CARD	
07/16/2021		PAYCHEX TPS TAXES	PAYCHEX TPS DES:TAXES ID:93313800005018X INDN:COUR THAI GROUP CORPOR CO ID:1161124166 CCD	1,590.18		Reconciled	112,076.89	Check	3140 Payroll Taxes Liabilities	
07/16/2021		PAYCHEX EIB INVOICE	PAYCHEX EIB DES:INVOICE ID:X93321000022843 INDN:COUR THAI GROUP CORPOR CO ID:1161124166 CCD	145.36		Reconciled	113,667.07	Check	8460 Payroll Processing Fees	
07/16/2021	715	BANK OF AMERICA		3,462.86		Reconciled	113,812.43	Check	3400 BOA #0241	
07/16/2021			MERCHANT BNKCD DES:DEPOSIT ID:266371382885 INDN:THAI KITCHEN 2 CO ID:F592126793 CCD		5,205.10	Reconciled	117,275.29	Deposit	Income:CREDIT CARD	
07/16/2021			DoorDash, Inc. DES:Disabled A ID:ST-G5T9J2T9C0N8 INDN:COUR THAI LLC CO ID:4270465600 CCD		1,002.93	Reconciled	112,070.19	Deposit	Income:DoorDash	
07/15/2021			MERCHANT BNKCD DES:DEPOSIT ID:266371382885 INDN:THAI KITCHEN 2 CO ID:F592126793 CCD		3,881.39	Reconciled	111,067.26	Deposit	Income:CREDIT CARD	
07/14/2021			MERCHANT BNKCD DES:DEPOSIT ID:266371382885 INDN:THAI KITCHEN 2 CO ID:F592126793 CCD		3,014.50	Reconciled	107,185.87	Deposit	Income:CREDIT CARD	
07/13/2021		MERCHANT BANKCD	MERCHANT BNKCD DES:DEPOSIT ID:266371382885 INDN:THAI KITCHEN 2 CO ID:F592126793 CCD	11.09		Reconciled	104,171.37	Check	Income:CREDIT CARD	
07/13/2021	1470	ECOLAB		549.52		Reconciled	104,182.46	Check	8870 Pest Control	
07/13/2021	1469	C & S ASSOCIATES	5H	1,315.00		Reconciled	104,731.98	Check	Rent:Dormitory	
07/13/2021	1466	NJ AMERICAN WATER		787.64		Reconciled	106,046.98	Check	Utilities:Water	
07/12/2021	1472	LAI F CHONG		10,000.00		Reconciled	106,834.62	Check	4520 Loan officer	
07/12/2021	1471	DA THAISON		1,840.00		Reconciled	116,834.62	Check	Purchase:Da Thaison Inc	
07/12/2021			MERCHANT BNKCD DES:DEPOSIT ID:266371382885 INDN:THAI KITCHEN 2 CO ID:F592126793 CCD		5,328.41	Reconciled	118,674.62	Deposit	Income:CREDIT CARD	
07/12/2021			MERCHANT BNKCD DES:DEPOSIT ID:266371382885 INDN:THAI KITCHEN 2 CO ID:F592126793 CCD		3,935.39	Reconciled	113,346.21	Deposit	Income:CREDIT CARD	
07/12/2021			MERCHANT BNKCD DES:DEPOSIT ID:266371382885 INDN:THAI KITCHEN 2 CO ID:F592126793 CCD		2,475.18	Reconciled	109,410.82	Deposit	Income:CREDIT CARD	
07/09/2021	1468	KAM KEU MARKET		1,966.30		Reconciled	106,935.64	Check	Purchase:KAM KEU ASIAN MARKET	
07/09/2021	1467	VERIZON		229.23		Reconciled	108,901.94	Check	8840 Telephone	
07/09/2021	1464	Levin Management		12,895.77		Reconciled	109,131.17	Check	Rent:Restaurant	
07/09/2021	1462	HORIZON		2,229.30		Reconciled	122,026.94	Check	8150 Health Insurance	
07/09/2021	1457	REPUBLIC SERVICE		357.70		Reconciled	124,256.24	Check	8880 Waste Management	
07/09/2021			DoorDash, Inc. DES:Disabled A ID:ST-I4Q3L9F5T2E8 INDN:COUR THAI LLC CO ID:4270465600 CCD		796.77	Reconciled	124,613.94	Deposit	Income:DoorDash	
07/08/2021			MERCHANT BNKCD DES:DEPOSIT ID:266371382885 INDN:THAI KITCHEN 2 CO ID:F592126793 CCD		6,109.38	Reconciled	123,817.17	Deposit	Income:CREDIT CARD	
07/07/2021	1461	DA THAISON		1,351.50		Reconciled	117,707.79	Check	Purchase:Da Thaison Inc	
07/07/2021			MERCHANT BNKCD DES:DEPOSIT ID:266371382885 INDN:THAI KITCHEN 2 CO ID:F592126793 CCD		2,385.20	Reconciled	119,059.29	Deposit	Income:CREDIT CARD	
07/06/2021			MERCHANT BNKCD DES:DEPOSIT ID:266371382885 INDN:THAI KITCHEN 2 CO ID:F592126793 CCD	2,655.20		Reconciled	116,674.09	Check	7750 Credit Card Processing Fee	
07/06/2021		PSE&G	PUBLIC SERVICE DES:PSEG ID:006587391605 INDN:THAI KITCHEN II CO ID:4221212800 PPD	1,603.66		Reconciled	119,329.29	Check	Utilities:Gas and Electric	
07/06/2021		TOYOTA FINANCE	SETF WORLD OMNI DES:BILL PAY ID:16172407821 INDN: COUR THIA GROUP CORP CO ID:7529064511 CCD	1,348.34		Reconciled	120,932.95	Check	7720 Car  Lease Expense	
07/06/2021			MERCHANT BNKCD DES:DEPOSIT ID:266371382885 INDN:THAI KITCHEN 2 CO ID:F592126793 CCD		3,754.60	Reconciled	122,281.29	Deposit	Income:CREDIT CARD	
07/06/2021			MERCHANT BNKCD DES:DEPOSIT ID:266371382885 INDN:THAI KITCHEN 2 CO ID:F592126793 CCD		2,754.84	Reconciled	118,526.69	Deposit	Income:CREDIT CARD	
07/02/2021		PAYCHEX TPS TAXES	PAYCHEX TPS DES:TAXES ID:93140300012296X INDN:COUR THAI GROUP CORPOR CO ID:1161124166 CCD	1,406.78		Reconciled	115,771.85	Check	3140 Payroll Taxes Liabilities	
07/02/2021		PAYCHEX EIB INVOICE	PAYCHEX EIB DES:INVOICE ID:X93141800011915 INDN:COUR THAI GROUP CORPOR CO ID:1161124166 CCD	137.51		Reconciled	117,178.63	Check	8460 Payroll Processing Fees	
07/02/2021			MERCHANT BNKCD DES:DEPOSIT ID:266371382885 INDN:THAI KITCHEN 2 CO ID:F592126793 CCD		5,559.10	Reconciled	117,316.14	Deposit	Income:CREDIT CARD	
07/02/2021			DoorDash, Inc. DES:Disabled A ID:ST-P1U5K2J9J1R4 INDN:COUR THAI LLC CO ID:4270465600 CCD		658.96	Reconciled	111,757.04	Deposit	Income:DoorDash	
07/01/2021	1459	SEA PRIVATE SEAFOOD		1,003.50		Reconciled	111,098.08	Check	Purchase:Sea Pirate Seafood	
07/01/2021			MERCHANT BNKCD DES:DEPOSIT ID:266371382885 INDN:THAI KITCHEN 2 CO ID:F592126793 CCD		2,442.00	Reconciled	112,101.58	Deposit	Income:CREDIT CARD	
06/30/2021	1455	COSTCO WHOLESALE		280.81		Reconciled	109,659.58	Check	Purchase:COSTCO	
06/30/2021	1454	BRIDGEWATER TOWNSHIP		50.00		Reconciled	109,940.39	Check	8220 Licenses and Permits	
06/30/2021			MERCHANT BNKCD DES:DEPOSIT ID:266371382885 INDN:THAI KITCHEN 2 CO ID:F592126793 CCD		2,151.26	Reconciled	109,990.39	Deposit	Income:CREDIT CARD	
06/29/2021		FRANKLIN MUTUAL INSURANCE	FRANKLIN MUTUAL DES:FMINSGRP ID:M42764238455 INDN:IICOUR THAI LLC CO ID:1911718107 WEB	4,990.00		Reconciled	107,839.13	Check	Insurance:Liability Insurance	
06/29/2021		MERCHANT BANKCD	MERCHANT BNKCD DES:DEPOSIT ID:266371382885 INDN:THAI KITCHEN 2 CO ID:F592126793 CCD	73.25		Reconciled	112,829.13	Check	Income:CREDIT CARD	
06/29/2021	1458	KAM KEU MARKET		2,264.65		Reconciled	112,902.38	Check	Purchase:KAM KEU ASIAN MARKET	
06/29/2021	1451	MACINTOSH		740.04		Reconciled	115,167.03	Check	8940 Uniform	
06/28/2021	1460	LAI F CHONG		15,000.00		Reconciled	115,907.07	Check	4520 Loan officer	
06/28/2021			MERCHANT BNKCD DES:DEPOSIT ID:266371382885 INDN:THAI KITCHEN 2 CO ID:F592126793 CCD		4,747.17	Reconciled	130,907.07	Deposit	Income:CREDIT CARD	
06/28/2021			MERCHANT BNKCD DES:DEPOSIT ID:266371382885 INDN:THAI KITCHEN 2 CO ID:F592126793 CCD		3,837.31	Reconciled	126,159.90	Deposit	Income:CREDIT CARD	
06/25/2021	1449	BRIDGEWATER TOWNSHIP		200.00		Reconciled	122,322.59	Check	8220 Licenses and Permits	
06/25/2021			MERCHANT BNKCD DES:DEPOSIT ID:266371382885 INDN:THAI KITCHEN 2 CO ID:F592126793 CCD		5,289.41	Reconciled	122,522.59	Deposit	Income:CREDIT CARD	
06/25/2021			DoorDash, Inc. DES:Disabled A ID:ST-S1Q4K1K6U3T4 INDN:COUR THAI LLC CO ID:4270465600 CCD		876.97	Reconciled	117,233.18	Deposit	Income:DoorDash	
06/23/2021			MERCHANT BNKCD DES:DEPOSIT ID:266371382885 INDN:THAI KITCHEN 2 CO ID:F592126793 CCD		3,858.92	Reconciled	116,356.21	Deposit	Income:CREDIT CARD	
06/22/2021	1453	KAM KEU MARKET		2,388.25		Reconciled	112,497.29	Check	Purchase:KAM KEU ASIAN MARKET	
06/22/2021	1450	KAM KEU MARKET		4,479.25		Reconciled	114,885.54	Check	Purchase:KAM KEU ASIAN MARKET	
06/21/2021		NJ S&U WEB PMT	NJ WEB PMT 04110 DES:NJWEB04110 ID:091000016613265 INDN:COUR THAI GROUP CORPOR CO ID:7216000928 CCD PMT INFO:TXP*B843960	5,149.64		Reconciled	119,364.79	Check	6030 Sales Tax  Adjustment	
06/21/2021		PAYCHEX EIB INVOICE	PAYCHEX EIB DES:INVOICE ID:X92967700005066 INDN:COUR THAI GROUP CORPOR CO ID:1161124166 CCD	127.51		Reconciled	124,514.43	Check	8460 Payroll Processing Fees	
06/21/2021	1452	DA THAISON		2,363.00		Reconciled	124,641.94	Check	Purchase:Da Thaison Inc	
06/21/2021			MERCHANT BNKCD DES:DEPOSIT ID:266371382885 INDN:THAI KITCHEN 2 CO ID:F592126793 CCD		6,038.61	Reconciled	127,004.94	Deposit	Income:CREDIT CARD	
06/21/2021			MERCHANT BNKCD DES:DEPOSIT ID:266371382885 INDN:THAI KITCHEN 2 CO ID:F592126793 CCD		3,409.90	Reconciled	120,966.33	Deposit	Income:CREDIT CARD	
06/18/2021		PAYCHEX TPS TAXES	PAYCHEX TPS DES:TAXES ID:92961900008006X INDN:COUR THAI GROUP CORPOR CO ID:1161124166 CCD	1,355.36		Reconciled	117,556.43	Check	3140 Payroll Taxes Liabilities	
06/18/2021	5156	PAYROLL CHECK		549.35		Reconciled	118,911.79	Check	8400 Salaries and wages	
06/18/2021	5151	PAYROLL CHECK		533.00		Reconciled	119,461.14	Check	8400 Salaries and wages	
06/18/2021			MERCHANT BNKCD DES:DEPOSIT ID:266371382885 INDN:THAI KITCHEN 2 CO ID:F592126793 CCD		5,925.47	Reconciled	119,994.14	Deposit	Income:CREDIT CARD	
06/18/2021			DoorDash, Inc. DES:Disabled A ID:ST-O1N1B3V9P0Y8 INDN:COUR THAI LLC CO ID:4270465600 CCD		810.57	Reconciled	114,068.67	Deposit	Income:DoorDash	
06/17/2021		BOA CC PMT	BANK OF AMERICA DES:QRMT Pymt ID:COUR THAI INDN:4339931165670241 00 CO ID:3001190310 CCD	1,831.66		Reconciled	113,258.10	Check	3400 BOA #0241	
06/16/2021	1448	SEA PRIVATE SEAFOOD		1,891.60		Reconciled	115,089.76	Check	Purchase:Sea Pirate Seafood	
06/16/2021	1445	COSTCO WHOLESALE		275.88		Reconciled	116,981.36	Check	Purchase:COSTCO	
06/16/2021			MERCHANT BNKCD DES:DEPOSIT ID:266371382885 INDN:THAI KITCHEN 2 CO ID:F592126793 CCD		2,436.00	Reconciled	117,257.24	Deposit	Income:CREDIT CARD	
06/15/2021			MERCHANT BNKCD DES:DEPOSIT ID:266371382885 INDN:THAI KITCHEN 2 CO ID:F592126793 CCD		1,845.71	Reconciled	114,821.24	Deposit	Income:CREDIT CARD	
06/14/2021	5155	PAYROLL CHECK		524.96		Reconciled	112,975.53	Check	8400 Salaries and wages	
06/14/2021	5150	PAYROLL CHECK		524.96		Reconciled	113,500.49	Check	8400 Salaries and wages	
06/14/2021	1447	DA THAISON		1,362.00		Reconciled	114,025.45	Check	Purchase:Da Thaison Inc	
06/14/2021	1446	C & S ASSOCIATES		1,315.00		Reconciled	115,387.45	Check	Rent:Dormitory	
06/14/2021	1302	HON NAM CHAN		1,630.00		Reconciled	116,702.45	Check	4520 Loan officer	
06/14/2021			MERCHANT BNKCD DES:DEPOSIT ID:266371382885 INDN:THAI KITCHEN 2 CO ID:F592126793 CCD		6,630.88	Reconciled	118,332.45	Deposit	Income:CREDIT CARD	
06/14/2021			MERCHANT BNKCD DES:DEPOSIT ID:266371382885 INDN:THAI KITCHEN 2 CO ID:F592126793 CCD		3,863.76	Reconciled	111,701.57	Deposit	Income:CREDIT CARD	
06/11/2021			MERCHANT BNKCD DES:DEPOSIT ID:266371382885 INDN:THAI KITCHEN 2 CO ID:F592126793 CCD		2,240.34	Reconciled	107,837.81	Deposit	Income:CREDIT CARD	
06/11/2021			DoorDash, Inc. DES:Disabled A ID:ST-G6N9M8E4M7W1 INDN:COUR THAI LLC CO ID:4270465600 CCD		795.91	Reconciled	105,597.47	Deposit	Income:DoorDash	
06/10/2021			MERCHANT BNKCD DES:DEPOSIT ID:266371382885 INDN:THAI KITCHEN 2 CO ID:F592126793 CCD		4,864.76	Reconciled	104,801.56	Deposit	Income:CREDIT CARD	
06/09/2021	1443	DA THAISON		1,155.70		Reconciled	99,936.80	Check	Purchase:Da Thaison Inc	
06/09/2021	1439	JIM ZHANG CPA		6,400.00		Reconciled	101,092.50	Check	Professional Fees:Accounting	
06/08/2021	1444	Levin Management		14,740.14		Reconciled	107,492.50	Check	Rent:Restaurant	
06/08/2021			MERCHANT BNKCD DES:DEPOSIT ID:266371382885 INDN:THAI KITCHEN 2 CO ID:F592126793 CCD		1,738.72	Reconciled	122,232.64	Deposit	Income:CREDIT CARD	
06/07/2021		PAYCHEX EIB INVOICE	PAYCHEX EIB DES:INVOICE ID:X92779400004824 INDN:COUR THAI GROUP CORPOR CO ID:1161124166 CCD	137.51		Reconciled	120,493.92	Check	8460 Payroll Processing Fees	
06/07/2021	5145	PAYROLL CHECK		685.52		Reconciled	120,631.43	Check	8400 Salaries and wages	
06/07/2021	5144	PAYROLL CHECK		735.08		Reconciled	121,316.95	Check	8400 Salaries and wages	
06/07/2021	5141	PAYROLL CHECK		685.52		Reconciled	122,052.03	Check	8400 Salaries and wages	
06/07/2021	5140	PAYROLL CHECK		735.08		Reconciled	122,737.55	Check	8400 Salaries and wages	
06/07/2021	5139	PAYROLL CHECK		1,825.26		Reconciled	123,472.63	Check	8400 Salaries and wages	
06/07/2021	5137	PAYROLL CHECK		685.52		Reconciled	125,297.89	Check	8400 Salaries and wages	
06/07/2021	5135	PAYROLL CHECK		1,835.49		Reconciled	125,983.41	Check	8400 Salaries and wages	
06/07/2021	5133	PAYROLL CHECK		685.52		Reconciled	127,818.90	Check	8400 Salaries and wages	
06/07/2021					1,928.00	Reconciled	128,504.42	Deposit	Income:Cash	
06/07/2021			MERCHANT BNKCD DES:DEPOSIT ID:266371382885 INDN:THAI KITCHEN 2 CO ID:F592126793 CCD		4,770.99	Reconciled	126,576.42	Deposit	Income:CREDIT CARD	
06/07/2021			MERCHANT BNKCD DES:DEPOSIT ID:266371382885 INDN:THAI KITCHEN 2 CO ID:F592126793 CCD		4,055.69	Reconciled	121,805.43	Deposit	Income:CREDIT CARD	
06/04/2021		PAYCHEX TPS TAXES	PAYCHEX TPS DES:TAXES ID:92772800006951X INDN:COUR THAI GROUP CORPOR CO ID:1161124166 CCD	1,280.54		Reconciled	117,749.74	Check	3140 Payroll Taxes Liabilities	
06/04/2021			MERCHANT BNKCD DES:DEPOSIT ID:266371382885 INDN:THAI KITCHEN 2 CO ID:F592126793 CCD		3,190.99	Reconciled	119,030.28	Deposit	Income:CREDIT CARD	
06/04/2021			DoorDash, Inc. DES:Disabled A ID:ST-O4U7K4L3C7E6 INDN:COUR THAI LLC CO ID:4270465600 CCD		922.36	Reconciled	115,839.29	Deposit	Income:DoorDash	
06/03/2021		MERCHANT BANKCD	MERCHANT BNKCD DES:DEPOSIT ID:266371382885 INDN:THAI KITCHEN 2 CO ID:F592126793 CCD	2,887.53		Reconciled	114,916.93	Check	7750 Credit Card Processing Fee	
06/03/2021		BANK FEE	CHECK ORDER00035 DES:FEE ID:1TSQ1295 INDN:COUR THAI GROUP CORPOR CO ID:0000000035 PPD PMT INFO: PRODUCT(S): 60.74 S&	79.51		Reconciled	117,804.46	Check	7740 Bank Service Charges	
06/03/2021			MERCHANT BNKCD DES:DEPOSIT ID:266371382885 INDN:THAI KITCHEN 2 CO ID:F592126793 CCD		2,632.47	Reconciled	117,883.97	Deposit	Income:CREDIT CARD	